2519 3290
1136 118 1379 158 ..6-

244 227 285 268 in
312 225 525 282 provincias
552 224 792 278 magistratus
818 224 1106 270 reverebantur,
1134 221 1204 262 bos
1232 223 1373 263 reversi
1402 222 1595 268 colebant:
1630 221 1700 263 bos
1727 227 1767 263 et
1793 228 1993 276 praeturae
2021 228 2059 263 et
2086 224 2257 265 consula·

244 311 308 348 tus
335 318 469 348 vocare
496 304 598 345 ultro
625 302 903 358 videmnus-J„
933 300 1116 343 Similiter
1142 299 1277 342 Cicero
1292 302 1319 354 ⁹)
1355 301 1522 354 primum
1549 300 1753 343 Scaevolae
1786 302 1942 354 auguri,
1969 301 2106 342 deinde
2133 303 2257 355 ponti-

248 385 309 426 fici
337 383 557 431 Scaevolae,
598 381 907 436 iurisperitorum
946 380 1257 435 eloquentissimo
1292 392 1333 421 se
1370 392 1525 434 operam
1563 392 1719 422 navasse
1746 379 1878 426 refert:
1933 382 2001 435 qui
2029 393 2148 436 quum
2175 377 2258 434 ipsa

242 463 321 518 jam
350 461 586 503 inclaruisset
613 460 653 500 in
682 459 783 508 foro,
818 459 1007 509 Caelium,
1033 460 1207 508 Pansam,
1234 459 1402 500 Hirtium
1439 463 1479 498 et
1504 456 1739 499 Dolabellam
1774 460 1944 501 exercuit
1971 465 2010 500 et
2037 460 2121 501 ἴοι-ο
2148 472 2256 514 prae·

242 541 406 597 paravit:
445 539 707 591 Quintilianus
734 541 777 593 ¹⁰)
805 553 933 595 quoqa
959 545 1098 588 narrat,
1124 538 1324 580 Caesarem
1349 542 1566 592 Augustum
1594 538 1795 580 duodecim
1824 553 1944 581 annos
1970 544 2102 580 natum
2131 537 2254 578 aviam

249 634 319 676 pro
346 621 482 662 rostris
509 620 700 666 laudasse:
756 626 944 675 anteaque
971 619 1147 667 Calvum,
1182 608 1405 666 Caesarem,
1432 618 1644 659 Pollionem
1681 619 1842 661 multum
1877 626 1965 661 ante
2001 617 2258 673 quaestoriam

248 714 383 743 omnes
432 706 594 742 aetatem
648 700 869 754 gravissima
909 699 1052 756 judicia
1104 699 1324 753 suscepisse.
1407 698 1608 740 Praeterea
1641 698 1787 741 Plinius
1824 700 1867 753 ¹¹)
1922 698 1971 740 de
2025 696 2259 753 impudentia

246 786 423 837 questus,
452 792 528 834 qua
553 780 712 834 juvenes
739 792 811 821 suo
838 785 1010 834 tempore
1038 779 1085 820 ad
1112 793 1172 820 res
1200 780 1368 834 publicas
1395 772 1710 833 proveherentur,
1738 780 1861 829 addit,
1890 780 1992 834 apud
2019 780 2182 834 majores
2209 791 2259 819 ne

245 861 490 903 nobilissimis
526 860 682 914 quidem
720 859 1021 900 adolescentibus
1046 859 1223 907 licuisse,
1278 858 1403 899 forum
1450 858 1545 898 inire
1591 858 1663 898 nisi
1707 860 1889 900 comitatu
1929 859 2154 901 nobilissimi
2191 863 2259 899 aut

245 940 456 982 consularis
483 939 566 980 viri.
623 939 728 979 Idem
767 938 914 979 Plinius
952 940 993 991 ¹2)
1034 937 1176 979 Rufum
1224 938 1413 992 quendam
1459 945 1747 986 commemorat,
1790 952 1905 993 quem
1952 940 1991 979 in
2019 939 2143 981 forum
2172 951 2258 991 pro-

247 1019 432 1060 ducturus
461 1023 577 1066 esset,
618 1017 719 1058 unde
753 1017 911 1058 materia
948 1017 982 1056 ei
1011 1022 1049 1057 et
1075 1017 1223 1057 occasio
1252 1017 1518 1057 inclarescendi
1547 1019 1802 1071 praeberetur.
1858 1019 2075 1059 Memoratu
2104 1029 2259 1071 quoque

247 1098 406 1152 dignum
436 1103 508 1144 est,
555 1096 660 1152 quod
688 1096 790 1150 apud
817 1097 966 1137 Livium
1005 1097 1047 1149 ¹³)
1082 1095 1259 1147 legimus,
1305 1095 1598 1148 Scipionem,
1655 1099 1720 1151 qui
1761 1104 1890 1151 postea
1917 1097 2086 1139 Africani
2114 1108 2256 1137 nomen

247 1179 408 1232 accepit,
464 1191 512 1217 ex
548 1190 626 1231 quo
664 1182 791 1228 togam
819 1175 964 1216 virilem
1000 1174 1214 1222 sumsisset,
1270 1175 1374 1216 nullo
1413 1174 1474 1214 die
1502 1175 1607 1230 prius
1634 1177 1750 1218 ullam
1779 1178 1969 1232 publicam
1997 1177 2260 1231 privatamque

244 1272 327 1301 rem
355 1258 494 1310 egisse,
523 1244 637 1310 quam
665 1256 703 1296 in
732 1254 950 1309 capitolium
979 1254 1050 1295 iret
1079 1254 1345 1309 ingressusque
1372 1253 1504 1295 aedem
1533 1255 1762 1306 consideret,
1791 1263 1829 1298 et
1855 1258 2079 1312 plerumque
2106 1262 2257 1310 tempus

245 1338 286 1379 in
314 1342 459 1378 secreto
488 1335 540 1376 ibi
567 1339 724 1383 tereret,
754 1334 919 1389 indeque
947 1334 1073 1389 stirpis
1101 1334 1172 1375 sibi
1201 1334 1350 1376 divinae
1378 1334 1492 1376 fidem
1520 1335 1621 1389 apud
1649 1336 1832 1390 populum
1860 1336 2016 1386 faceret,
2046 1343 2083 1378 et
2110 1342 2260 1379 matura

247 1422 372 1459 aetate
400 1416 608 1457 maximum
637 1414 839 1468 imperium
868 1414 1064 1468 acciperet.

354 1496 440 1536 Jam
470 1507 585 1548 supra
614 1495 758 1534 dictum
787 1499 862 1541 est,
909 1494 1033 1534 virum
1069 1494 1193 1540 illum,
1250 1494 1310 1533 cui
1339 1493 1557 1534 adolescens
1585 1495 1797 1535 traderetur
1823 1496 2069 1543 erudiendus,
2124 1508 2261 1548 magna

249 1587 399 1627 semper
429 1575 468 1613 in
496 1574 690 1626 republica
719 1572 834 1612 fuisse
862 1572 1061 1624 dignitate,
1118 1573 1174 1612 vel
1210 1578 1253 1612 ut
1279 1573 1398 1612 Taciti
1435 1578 1484 1620 ¹⁴)
1519 1574 1645 1613 verbis
1673 1580 1770 1621 utar,
1798 1588 1886 1615 eum
1914 1582 2103 1615 oratorem
2133 1574 2260 1621 fuisso,

249 1655 315 1710 qui
343 1653 550 1707 principem
579 1652 705 1692 locum
733 1651 773 1691 in
802 1650 949 1691 civitate
977 1656 1133 1691 teneret.
1192 1651 1307 1700 Quod
1335 1653 1379 1692 ea
1408 1652 1609 1705 praecipue
1644 1663 1756 1694 causa
1793 1652 1932 1694 factum
1969 1659 2043 1702 est,
2082 1658 2126 1694 ut
2152 1665 2258 1706 prae·

248 1733 412 1788 ceptoris
440 1731 621 1784 dignitate
649 1729 722 1771 sibi
750 1729 970 1782 dignitatem
1007 1729 1261 1770 adolescentes
1290 1731 1467 1771 afferrent
1495 1731 1585 1784 ipsi,
1624 1731 1840 1786 famamque
1875 1732 1976 1787 apud
2013 1733 2196 1787 populum
2223 1737 2262 1772 et

251 1812 584 1854 existimationem.
623 1809 673 1863 ¹⁵)
728 1808 878 1849 Talium
907 1808 1008 1848 enim
1037 1808 1205 1850 virorum
1235 1810 1466 1850 facinoribus
1494 1811 1671 1852 omnibus
1699 1817 1736 1852 et
1763 1813 2002 1853 sermonibus
2042 1813 2109 1867 qui
2150 1813 2261 1853 inter·

249 1895 374 1937 erant,
413 1889 598 1943 populum
626 1889 666 1928 in
693 1901 777 1928 eam
812 1888 1032 1940 opinionem
1066 1889 1321 1937 adducebant,
1355 1895 1399 1929 ut
1426 1896 1593 1943 putaret:
1653 1892 1818 1940 „similes
1846 1906 1979 1933 eorum
2007 1893 2107 1940 fore,
2164 1905 2261 1946 quos

249 1975 445 2023 tamquam
475 1967 686 2020 exemplar,
740 1966 787 2005 ad
816 1967 921 2019 quod
967 1967 1172 2019 dirigerent
1208 1968 1378 2008 imitandi
1413 1970 1599 2017 studium,
1638 1971 1709 2010 sibi
1751 1971 2069 2024 proposuissent.“
2124 1972 2186 2013 Sic
2212 1972 2260 2012 ad

249 2049 401 2089 altiores
429 2047 621 2100 dignitatis
651 2046 789 2100 gradus
818 2046 985 2087 ascendit
1013 2047 1055 2087 P.
1085 2047 1267 2096 Rutilius,
1306 2053 1354 2096 ¹⁶)
1383 2049 1448 2102 qui
1478 2049 1621 2091 clarum
1650 2056 1689 2091 et
1717 2050 1999 2093 immaculatum
2024 2052 2121 2105 juris
2149 2052 2259 2106 periti

250 2140 391 2168 nomen
419 2127 461 2167 P.
490 2126 609 2167 Mucii
638 2126 889 2167 familiaritate
917 2132 1033 2180 atque
1061 2126 1332 2167 consuetudine
1360 2133 1417 2168 est
1444 2134 1647 2170 assecutus.

1191 2252 1225 2293 S.
1281 2247 1317 2288 4.

355 2341 504 2383 Deinde
520 2340 679 2395 juvenes
697 2341 878 2391 Romani,
907 2355 1072 2397 quorum
1092 2342 1364 2385 institutionem
1384 2344 1650 2394 describimus,
1684 2346 1971 2388 contubernales
1990 2345 2258 2400 imperatorem

249 2421 440 2477 quendam
461 2421 604 2462 clarum
625 2420 743 2461 secuti
762 2420 895 2462 militia
915 2434 982 2477 per
1001 2422 1147 2478 aliquot
1165 2434 1283 2463 annos
1303 2422 1579 2477 fungebantur3
1600 2425 1647 2465 de
1669 2426 1807 2480 quibus
1827 2426 1984 2479 legimus
2004 2425 2042 2466 in
2060 2426 2156 2467 Plin.
2173 2439 2257 2482 epp.

311 2594 347 2636 9)
371 2593 432 2626 cfr.
456 2592 525 2627 Cic.
548 2594 584 2626 in
608 2592 704 2629 Brut,
736 2604 834 2637 capp.
858 2594 910 2628 76.
931 2594 984 2627 89.

291 2649 350 2690 10)
373 2647 516 2685 Quintil.
539 2649 640 2682 instit.
664 2648 802 2683 Orator.
825 2649 883 2682 lib.
907 2649 971 2681 Xll
986 2674 994 2687 ,
1023 2650 1052 2683 6.

294 2704 347 2747 ll)
370 2703 459 2738 Plin.
483 2704 602 2738 minor.
625 2705 660 2738 in
683 2716 760 2749 epp.
782 2705 841 2739 lib.
868 2704 919 2738 11.
945 2705 995 2738 14.

294 2759 349 2802 12)
372 2759 464 2794 ldem
488 2760 523 2793 in
547 2770 623 2803 epp.
645 2760 704 2795 lib.
725 2760 794 2802 VI,
816 2761 869 2796 23.

292 2815 346 2857 13)
368 2816 469 2858 Apud
491 2816 564 2848 Liv.
588 2815 646 2850 lib.
670 2815 805 2857 XXVI,
828 2827 856 2850 c.
882 2818 930 2852 19.
954 2819 1033 2851 item
1056 2819 1146 2862 apud
1169 2820 1284 2856 Valer.
1315 2819 1401 2853 Max.
1426 2820 1634 2856 Memorabil.
1658 2823 1715 2856 lib.
1738 2822 1770 2863 l,
1795 2823 1825 2857 3.

291 2870 347 2910 1⁴)
374 2868 478 2904 Tacit.
500 2871 535 2904 in
558 2870 685 2915 dialog.
708 2871 752 2905 de
774 2871 911 2907 Orator.
935 2884 1006 2918 cap.
1028 2874 1081 2908 34.

294 2925 349 2967 15)
372 2924 473 2959 Teste
496 2926 662 2962 Cicerone
685 2930 722 2962 in
744 2928 802 2962 lib.
826 2928 867 2963 1¹.
891 2930 934 2962 de
957 2929 1054 2965 ome.
1079 2940 1151 2973 cap.
1177 2930 1226 2965 13.

293 2980 351 3023 16)
372 2979 409 3015 ln
432 2981 555 3016 eodem
576 2982 654 3018 loco
678 2983 872 3025 Ciceronis,
894 2985 952 3020 lib.
977 2985 1029 3027 ll,
1051 2986 1094 3020 de
1116 2986 1234 3027 offic„
1257 2997 1331 3032 cap.
1356 2987 1405 3023 13.
