<?xml version="1.0" encoding="UTF-8"?>
<!DOCTYPE html PUBLIC "-//W3C//DTD XHTML 1.0 Transitional//EN"
    "http://www.w3.org/TR/xhtml1/DTD/xhtml1-transitional.dtd">
<html xmlns="http://www.w3.org/1999/xhtml" xml:lang="en" lang="en">
 <head>
  <title>
</title>
<meta http-equiv="Content-Type" content="text/html;charset=utf-8" />
  <meta name='ocr-system' content='tesseract 3.04.00' />
  <meta name='ocr-capabilities' content='ocr_page ocr_carea ocr_par ocr_line ocrx_word'/>
</head>
<body>
  <div class='ocr_page' id='page_1' title='image "4769582_0012.png"; bbox 0 0 2519 3290; ppageno 0'>
   <div class='ocr_carea' id='block_1_1' title="bbox 1102 163 1342 203">
    <p class='ocr_par' dir='ltr' id='par_1_1' title="bbox 1102 163 1342 203">
     <span class='ocr_line' id='line_1_1' title="bbox 1102 163 1342 203; baseline -0.004 -10"><span class='ocrx_word' id='word_1_1' title='bbox 1102 163 1342 203; x_wconf 75' lang='lat'>..4-</span> 
     </span>
    </p>
   </div>
   <div class='ocr_carea' id='block_1_2' title="bbox 216 268 2225 488">
    <p class='ocr_par' dir='ltr' id='par_1_2' title="bbox 216 268 2225 488">
     <span class='ocr_line' id='line_1_2' title="bbox 216 268 2220 328; baseline -0.001 -14"><span class='ocrx_word' id='word_1_2' title='bbox 216 287 320 328; x_wconf 84' lang='lat' dir='ltr'><strong>quae</strong></span> <span class='ocrx_word' id='word_1_3' title='bbox 347 274 481 316; x_wconf 86' lang='lat' dir='ltr'><strong>Cicero</strong></span> <span class='ocrx_word' id='word_1_4' title='bbox 514 279 548 322; x_wconf 81' lang='lat'><strong>³)</strong></span> <span class='ocrx_word' id='word_1_5' title='bbox 576 273 722 322; x_wconf 89' lang='lat' dir='ltr'><strong>Quinto</strong></span> <span class='ocrx_word' id='word_1_6' title='bbox 749 271 853 313; x_wconf 80' lang='lat' dir='ltr'><strong>fratri</strong></span> <span class='ocrx_word' id='word_1_7' title='bbox 881 271 1048 313; x_wconf 87' lang='lat' dir='ltr'><strong>Graecos</strong></span> <span class='ocrx_word' id='word_1_8' title='bbox 1075 272 1299 324; x_wconf 81' lang='lat' dir='ltr'><strong>gubernanti</strong></span> <span class='ocrx_word' id='word_1_9' title='bbox 1326 268 1492 312; x_wconf 81' lang='lat' dir='ltr'><strong>tradidit.</strong></span> <span class='ocrx_word' id='word_1_10' title='bbox 1547 270 1613 320; x_wconf 93' lang='lat' dir='ltr'><strong>„Si</strong></span> <span class='ocrx_word' id='word_1_11' title='bbox 1641 277 1679 312; x_wconf 90' lang='lat' dir='ltr'><strong>te</strong></span> <span class='ocrx_word' id='word_1_12' title='bbox 1706 282 1806 320; x_wconf 80' lang='lat' dir='ltr'><strong>sors,</strong></span> <span class='ocrx_word' id='word_1_13' title='bbox 1834 271 1978 327; x_wconf 86' lang='lat' dir='ltr'><strong>inquit,</strong></span> <span class='ocrx_word' id='word_1_14' title='bbox 2023 270 2126 312; x_wconf 79' lang='lat' dir='ltr'><strong>Afris</strong></span> <span class='ocrx_word' id='word_1_15' title='bbox 2152 275 2220 313; x_wconf 88' lang='lat' dir='ltr'><strong>aut</strong></span> 
     </span>
     <span class='ocr_line' id='line_1_3' title="bbox 218 347 2225 408; baseline -0.003 -11"><span class='ocrx_word' id='word_1_16' title='bbox 218 354 399 408; x_wconf 80' lang='lat' dir='ltr'><strong>Hispanis</strong></span> <span class='ocrx_word' id='word_1_17' title='bbox 426 359 493 395; x_wconf 87' lang='lat' dir='ltr'><strong>aut</strong></span> <span class='ocrx_word' id='word_1_18' title='bbox 520 351 637 395; x_wconf 87' lang='lat' dir='ltr'><strong>Gallis</strong></span> <span class='ocrx_word' id='word_1_19' title='bbox 664 347 921 405; x_wconf 51' lang='lat' dir='ltr'><strong>praefecisQ&#39;,</strong></span> <span class='ocrx_word' id='word_1_20' title='bbox 959 350 1191 393; x_wconf 81' lang='lat' dir='ltr'><strong>iinmanibus</strong></span> <span class='ocrx_word' id='word_1_21' title='bbox 1217 364 1260 393; x_wconf 90' lang='lat' dir='ltr'><strong>ac</strong></span> <span class='ocrx_word' id='word_1_22' title='bbox 1288 350 1457 394; x_wconf 86' lang='lat' dir='ltr'><strong>barbaris</strong></span> <span class='ocrx_word' id='word_1_23' title='bbox 1485 349 1702 392; x_wconf 86' lang='lat' dir='ltr'><strong>nationibus</strong></span> <span class='ocrx_word' id='word_1_24' title='bbox 1717 380 1728 400; x_wconf 88' lang='lat'><em>,</em></span> <span class='ocrx_word' id='word_1_25' title='bbox 1774 355 1901 391; x_wconf 86' lang='lat' dir='ltr'><strong>tamen</strong></span> <span class='ocrx_word' id='word_1_26' title='bbox 1929 355 2028 391; x_wconf 83' lang='lat' dir='ltr'><strong>esset</strong></span> <span class='ocrx_word' id='word_1_27' title='bbox 2054 350 2225 390; x_wconf 86' lang='lat' dir='ltr'><strong>humani·</strong></span> 
     </span>
     <span class='ocr_line' id='line_1_4' title="bbox 217 416 2220 488; baseline -0.003 -12"><span class='ocrx_word' id='word_1_28' title='bbox 217 433 306 476; x_wconf 86' lang='lat' dir='ltr'><strong>tatis</strong></span> <span class='ocrx_word' id='word_1_29' title='bbox 331 439 438 482; x_wconf 90' lang='lat' dir='ltr'><strong>tuae,</strong></span> <span class='ocrx_word' id='word_1_30' title='bbox 485 430 682 474; x_wconf 85' lang='lat' dir='ltr'><strong>consulere</strong></span> <span class='ocrx_word' id='word_1_31' title='bbox 710 443 844 473; x_wconf 90' lang='lat' dir='ltr'><strong>eorum</strong></span> <span class='ocrx_word' id='word_1_32' title='bbox 872 416 1074 472; x_wconf 78' lang='lat' dir='ltr'><strong>e&#39;ommodo</strong></span> <span class='ocrx_word' id='word_1_33' title='bbox 1100 433 1140 471; x_wconf 89' lang='lat' dir='ltr'><strong>et</strong></span> <span class='ocrx_word' id='word_1_34' title='bbox 1166 429 1318 471; x_wconf 82' lang='lat' dir='ltr'><strong>utilitati</strong></span> <span class='ocrx_word' id='word_1_35' title='bbox 1345 430 1532 485; x_wconf 84' lang='lat' dir='ltr'><strong>salutique</strong></span> <span class='ocrx_word' id='word_1_36' title='bbox 1559 430 1710 472; x_wconf 82' lang='lat' dir='ltr'><strong>servire.</strong></span> <span class='ocrx_word' id='word_1_37' title='bbox 1783 429 1882 470; x_wconf 86' lang='lat' dir='ltr'><strong>Cum</strong></span> <span class='ocrx_word' id='word_1_38' title='bbox 1909 442 1999 469; x_wconf 86' lang='lat' dir='ltr'><strong>vero</strong></span> <span class='ocrx_word' id='word_1_39' title='bbox 2028 431 2063 469; x_wconf 83' lang='lat' dir='ltr'><strong>ei</strong></span> <span class='ocrx_word' id='word_1_40' title='bbox 2090 430 2220 488; x_wconf 63' lang='lat' dir='ltr'><strong>generi</strong></span> 
     </span>
    </p>
   </div>
   <div class='ocr_carea' id='block_1_3' title="bbox 216 509 2221 644">
    <p class='ocr_par' dir='ltr' id='par_1_3' title="bbox 216 509 2221 644">
     <span class='ocr_line' id='line_1_5' title="bbox 217 509 2221 565; baseline -0.002 -11"><span class='ocrx_word' id='word_1_41' title='bbox 217 511 414 554; x_wconf 88' lang='lat' dir='ltr'><strong>hominum</strong></span> <span class='ocrx_word' id='word_1_42' title='bbox 442 510 674 565; x_wconf 85' lang='lat' dir='ltr'><strong>praesimus,</strong></span> <span class='ocrx_word' id='word_1_43' title='bbox 729 523 806 550; x_wconf 91' lang='lat' dir='ltr'><strong>non</strong></span> <span class='ocrx_word' id='word_1_44' title='bbox 834 509 949 551; x_wconf 86' lang='lat' dir='ltr'><strong>modo</strong></span> <span class='ocrx_word' id='word_1_45' title='bbox 981 510 1020 549; x_wconf 91' lang='lat' dir='ltr'><strong>in</strong></span> <span class='ocrx_word' id='word_1_46' title='bbox 1048 522 1126 563; x_wconf 90' lang='lat' dir='ltr'><strong>quo</strong></span> <span class='ocrx_word' id='word_1_47' title='bbox 1154 510 1234 562; x_wconf 86' lang='lat' dir='ltr'><strong>ipsa</strong></span> <span class='ocrx_word' id='word_1_48' title='bbox 1262 510 1327 556; x_wconf 89' lang='lat' dir='ltr'><strong>sit,</strong></span> <span class='ocrx_word' id='word_1_49' title='bbox 1382 510 1449 549; x_wconf 87' lang='lat' dir='ltr'><strong>sed</strong></span> <span class='ocrx_word' id='word_1_50' title='bbox 1486 511 1599 550; x_wconf 87' lang='lat' dir='ltr'><strong>etiam</strong></span> <span class='ocrx_word' id='word_1_51' title='bbox 1634 523 1657 549; x_wconf 87' lang='lat' dir='ltr'><strong>a</strong></span> <span class='ocrx_word' id='word_1_52' title='bbox 1697 523 1775 563; x_wconf 89' lang='lat' dir='ltr'><strong>quo</strong></span> <span class='ocrx_word' id='word_1_53' title='bbox 1809 511 1857 549; x_wconf 85' lang='lat' dir='ltr'><strong>ad</strong></span> <span class='ocrx_word' id='word_1_54' title='bbox 1886 511 1978 549; x_wconf 85' lang='lat' dir='ltr'><strong>alios</strong></span> <span class='ocrx_word' id='word_1_55' title='bbox 2005 511 2221 562; x_wconf 86' lang='lat' dir='ltr'><strong>pervenisse</strong></span> 
     </span>
     <span class='ocr_line' id='line_1_6' title="bbox 216 588 2219 644; baseline -0.001 -13"><span class='ocrx_word' id='word_1_56' title='bbox 216 596 371 644; x_wconf 87' lang='lat' dir='ltr'><strong>putetur</strong></span> <span class='ocrx_word' id='word_1_57' title='bbox 398 590 634 631; x_wconf 86' lang='lat' dir='ltr'><strong>humanitas:</strong></span> <span class='ocrx_word' id='word_1_58' title='bbox 688 594 789 628; x_wconf 87' lang='lat' dir='ltr'><strong>certe</strong></span> <span class='ocrx_word' id='word_1_59' title='bbox 818 589 863 627; x_wconf 90' lang='lat' dir='ltr'><strong>iis</strong></span> <span class='ocrx_word' id='word_1_60' title='bbox 891 589 1003 628; x_wconf 89' lang='lat' dir='ltr'><strong>etiam</strong></span> <span class='ocrx_word' id='word_1_61' title='bbox 1033 588 1272 640; x_wconf 88' lang='lat' dir='ltr'><strong>potissimum</strong></span> <span class='ocrx_word' id='word_1_62' title='bbox 1300 589 1469 629; x_wconf 88' lang='lat' dir='ltr'><strong>tribuere</strong></span> <span class='ocrx_word' id='word_1_63' title='bbox 1505 590 1705 636; x_wconf 79' lang='lat' dir='ltr'><strong>debemus,</strong></span> <span class='ocrx_word' id='word_1_64' title='bbox 1760 603 1782 629; x_wconf 92' lang='lat' dir='ltr'><strong>a</strong></span> <span class='ocrx_word' id='word_1_65' title='bbox 1817 590 1957 642; x_wconf 87' lang='lat' dir='ltr'><strong>quibus</strong></span> <span class='ocrx_word' id='word_1_66' title='bbox 1995 589 2219 641; x_wconf 89' lang='lat' dir='ltr'><strong>accepimus.</strong></span> 
     </span>
    </p>
   </div>
   <div class='ocr_carea' id='block_1_4' title="bbox 211 666 2223 1117">
    <p class='ocr_par' dir='ltr' id='par_1_4' title="bbox 211 666 2223 1117">
     <span class='ocr_line' id='line_1_7' title="bbox 214 666 2223 722; baseline -0.001 -12"><span class='ocrx_word' id='word_1_67' title='bbox 214 670 303 710; x_wconf 84' lang='lat' dir='ltr'><strong>Non</strong></span> <span class='ocrx_word' id='word_1_68' title='bbox 331 670 434 710; x_wconf 89' lang='lat' dir='ltr'><strong>enim</strong></span> <span class='ocrx_word' id='word_1_69' title='bbox 463 682 523 709; x_wconf 91' lang='lat' dir='ltr'><strong>me</strong></span> <span class='ocrx_word' id='word_1_70' title='bbox 551 668 622 708; x_wconf 91' lang='lat' dir='ltr'><strong>boc</strong></span> <span class='ocrx_word' id='word_1_71' title='bbox 646 667 725 720; x_wconf 86' lang='lat' dir='ltr'><strong>jam</strong></span> <span class='ocrx_word' id='word_1_72' title='bbox 753 666 876 706; x_wconf 87' lang='lat' dir='ltr'><strong>dicere</strong></span> <span class='ocrx_word' id='word_1_73' title='bbox 904 666 1078 719; x_wconf 91' lang='lat' dir='ltr'><strong>pudebit,</strong></span> <span class='ocrx_word' id='word_1_74' title='bbox 1127 666 1347 718; x_wconf 90' lang='lat' dir='ltr'><strong>praesertim</strong></span> <span class='ocrx_word' id='word_1_75' title='bbox 1385 667 1424 706; x_wconf 87' lang='lat' dir='ltr'><strong>in</strong></span> <span class='ocrx_word' id='word_1_76' title='bbox 1462 680 1507 707; x_wconf 89' lang='lat' dir='ltr'><strong>ea</strong></span> <span class='ocrx_word' id='word_1_77' title='bbox 1535 668 1610 709; x_wconf 86' lang='lat' dir='ltr'><strong>vita</strong></span> <span class='ocrx_word' id='word_1_78' title='bbox 1638 674 1755 722; x_wconf 88' lang='lat' dir='ltr'><strong>atque</strong></span> <span class='ocrx_word' id='word_1_79' title='bbox 1790 669 1835 708; x_wconf 92' lang='lat' dir='ltr'><strong>iis</strong></span> <span class='ocrx_word' id='word_1_80' title='bbox 1862 668 1977 709; x_wconf 88' lang='lat' dir='ltr'><strong>rebus</strong></span> <span class='ocrx_word' id='word_1_81' title='bbox 2003 667 2136 720; x_wconf 86' lang='lat' dir='ltr'><strong>gestis,</strong></span> <span class='ocrx_word' id='word_1_82' title='bbox 2182 667 2223 708; x_wconf 93' lang='lat' dir='ltr'><strong>in</strong></span> 
     </span>
     <span class='ocr_line' id='line_1_8' title="bbox 214 743 2216 800; baseline -0.001 -11"><span class='ocrx_word' id='word_1_83' title='bbox 214 748 357 800; x_wconf 83' lang='lat' dir='ltr'><strong>quibus</strong></span> <span class='ocrx_word' id='word_1_84' title='bbox 383 761 461 789; x_wconf 92' lang='lat' dir='ltr'><strong>non</strong></span> <span class='ocrx_word' id='word_1_85' title='bbox 487 752 612 800; x_wconf 87' lang='lat' dir='ltr'><strong>potest</strong></span> <span class='ocrx_word' id='word_1_86' title='bbox 638 746 804 787; x_wconf 88' lang='lat' dir='ltr'><strong>residere</strong></span> <span class='ocrx_word' id='word_1_87' title='bbox 833 744 988 785; x_wconf 88' lang='lat' dir='ltr'><strong>inertiae</strong></span> <span class='ocrx_word' id='word_1_88' title='bbox 1023 748 1089 784; x_wconf 89' lang='lat' dir='ltr'><strong>aut</strong></span> <span class='ocrx_word' id='word_1_89' title='bbox 1125 743 1283 785; x_wconf 88' lang='lat' dir='ltr'><strong>levitatis</strong></span> <span class='ocrx_word' id='word_1_90' title='bbox 1319 744 1395 786; x_wconf 86' lang='lat' dir='ltr'><strong>ulla</strong></span> <span class='ocrx_word' id='word_1_91' title='bbox 1430 746 1613 800; x_wconf 85' lang='lat' dir='ltr'><strong>suspicio,</strong></span> <span class='ocrx_word' id='word_1_92' title='bbox 1670 759 1739 788; x_wconf 93' lang='lat' dir='ltr'><strong>nos</strong></span> <span class='ocrx_word' id='word_1_93' title='bbox 1774 759 1839 795; x_wconf 90' lang='lat' dir='ltr'><strong>ea,</strong></span> <span class='ocrx_word' id='word_1_94' title='bbox 1895 758 1995 800; x_wconf 90' lang='lat' dir='ltr'><strong>quae</strong></span> <span class='ocrx_word' id='word_1_95' title='bbox 2024 746 2216 787; x_wconf 83' lang='lat' dir='ltr'><strong>consecuti</strong></span> 
     </span>
     <span class='ocr_line' id='line_1_9' title="bbox 214 824 2220 879; baseline -0.001 -12"><span class='ocrx_word' id='word_1_96' title='bbox 214 838 370 874; x_wconf 81' lang='lat' dir='ltr'><strong>sumus,</strong></span> <span class='ocrx_word' id='word_1_97' title='bbox 423 827 481 867; x_wconf 88' lang='lat' dir='ltr'><strong>his</strong></span> <span class='ocrx_word' id='word_1_98' title='bbox 509 825 644 867; x_wconf 89' lang='lat' dir='ltr'><strong>studiis</strong></span> <span class='ocrx_word' id='word_1_99' title='bbox 673 831 711 865; x_wconf 91' lang='lat' dir='ltr'><strong>et</strong></span> <span class='ocrx_word' id='word_1_100' title='bbox 737 824 882 865; x_wconf 88' lang='lat' dir='ltr'><strong>artibus</strong></span> <span class='ocrx_word' id='word_1_101' title='bbox 908 837 990 864; x_wconf 91' lang='lat' dir='ltr'><strong>esse</strong></span> <span class='ocrx_word' id='word_1_102' title='bbox 1018 829 1259 871; x_wconf 82' lang='lat' dir='ltr'><strong>consecutos,</strong></span> <span class='ocrx_word' id='word_1_103' title='bbox 1307 836 1404 879; x_wconf 85' lang='lat' dir='ltr'><strong>quae</strong></span> <span class='ocrx_word' id='word_1_104' title='bbox 1432 824 1506 864; x_wconf 84' lang='lat' dir='ltr'><strong>sint</strong></span> <span class='ocrx_word' id='word_1_105' title='bbox 1535 824 1644 864; x_wconf 91' lang='lat' dir='ltr'><strong>nobis</strong></span> <span class='ocrx_word' id='word_1_106' title='bbox 1671 824 1853 866; x_wconf 80' lang='lat' dir='ltr'><strong>Graeciae</strong></span> <span class='ocrx_word' id='word_1_107' title='bbox 1880 826 2137 865; x_wconf 90' lang='lat' dir='ltr'><strong>monumentis</strong></span> <span class='ocrx_word' id='word_1_108' title='bbox 2165 825 2220 865; x_wconf 92' lang='lat' dir='ltr'><strong>di-</strong></span> 
     </span>
     <span class='ocr_line' id='line_1_10' title="bbox 212 904 2217 959; baseline -0 -13"><span class='ocrx_word' id='word_1_109' title='bbox 212 906 459 959; x_wconf 84' lang='lat' dir='ltr'><strong>sciplinisque</strong></span> <span class='ocrx_word' id='word_1_110' title='bbox 486 905 636 946; x_wconf 87' lang='lat' dir='ltr'><strong>tradita.</strong></span> <span class='ocrx_word' id='word_1_111' title='bbox 718 905 848 954; x_wconf 85' lang='lat' dir='ltr'><strong>Quare</strong></span> <span class='ocrx_word' id='word_1_112' title='bbox 877 909 1293 957; x_wconf 78' lang='lat' dir='ltr'><strong>praeter-communem</strong></span> <span class='ocrx_word' id='word_1_113' title='bbox 1322 904 1453 950; x_wconf 84' lang='lat' dir='ltr'><strong>fidem,</strong></span> <span class='ocrx_word' id='word_1_114' title='bbox 1500 916 1599 956; x_wconf 90' lang='lat' dir='ltr'><strong>quae</strong></span> <span class='ocrx_word' id='word_1_115' title='bbox 1633 904 1812 944; x_wconf 90' lang='lat' dir='ltr'><strong>omnibus</strong></span> <span class='ocrx_word' id='word_1_116' title='bbox 1840 904 2019 952; x_wconf 88' lang='lat' dir='ltr'><strong>debetur,</strong></span> <span class='ocrx_word' id='word_1_117' title='bbox 2047 905 2119 945; x_wconf 90' lang='lat' dir='ltr'><strong>hoc</strong></span> <span class='ocrx_word' id='word_1_118' title='bbox 2146 918 2217 945; x_wconf 82' lang='lat' dir='ltr'><strong>nos</strong></span> 
     </span>
     <span class='ocr_line' id='line_1_11' title="bbox 212 982 2217 1037; baseline 0 -13"><span class='ocrx_word' id='word_1_119' title='bbox 212 984 274 1024; x_wconf 86' lang='lat' dir='ltr'><strong>isti</strong></span> <span class='ocrx_word' id='word_1_120' title='bbox 303 985 501 1025; x_wconf 90' lang='lat' dir='ltr'><strong>hominum</strong></span> <span class='ocrx_word' id='word_1_121' title='bbox 530 984 659 1036; x_wconf 84' lang='lat' dir='ltr'><strong>generi</strong></span> <span class='ocrx_word' id='word_1_122' title='bbox 686 984 889 1036; x_wconf 76' lang='lat' dir='ltr'><strong>praecipue</strong></span> <span class='ocrx_word' id='word_1_123' title='bbox 916 983 1054 1022; x_wconf 86' lang='lat' dir='ltr'><strong>debere</strong></span> <span class='ocrx_word' id='word_1_124' title='bbox 1070 982 1252 1033; x_wconf 89' lang='lat' dir='ltr'><strong>videmur,</strong></span> <span class='ocrx_word' id='word_1_125' title='bbox 1280 988 1335 1029; x_wconf 87' lang='lat' dir='ltr'><strong>ut,</strong></span> <span class='ocrx_word' id='word_1_126' title='bbox 1359 996 1523 1036; x_wconf 90' lang='lat' dir='ltr'><strong>quorum</strong></span> <span class='ocrx_word' id='word_1_127' title='bbox 1552 983 1760 1037; x_wconf 89' lang='lat' dir='ltr'><strong>praeceptis</strong></span> <span class='ocrx_word' id='word_1_128' title='bbox 1788 983 1907 1023; x_wconf 85' lang='lat' dir='ltr'><strong>simus</strong></span> <span class='ocrx_word' id='word_1_129' title='bbox 1935 983 2087 1031; x_wconf 88' lang='lat' dir='ltr'><strong>eruditi,</strong></span> <span class='ocrx_word' id='word_1_130' title='bbox 2114 983 2217 1037; x_wconf 87' lang='lat' dir='ltr'><strong>apud</strong></span> 
     </span>
     <span class='ocr_line' id='line_1_12' title="bbox 211 1053 2217 1117; baseline -0 -13"><span class='ocrx_word' id='word_1_131' title='bbox 211 1077 279 1104; x_wconf 87' lang='lat' dir='ltr'><strong>eos</strong></span> <span class='ocrx_word' id='word_1_132' title='bbox 305 1064 428 1116; x_wconf 89' lang='lat' dir='ltr'><strong>ipsos,</strong></span> <span class='ocrx_word' id='word_1_133' title='bbox 456 1063 560 1117; x_wconf 90' lang='lat' dir='ltr'><strong>quod</strong></span> <span class='ocrx_word' id='word_1_134' title='bbox 589 1064 636 1102; x_wconf 90' lang='lat' dir='ltr'><strong>ab</strong></span> <span class='ocrx_word' id='word_1_135' title='bbox 664 1063 710 1102; x_wconf 91' lang='lat' dir='ltr'><strong>iis</strong></span> <span class='ocrx_word' id='word_1_136' title='bbox 738 1062 994 1108; x_wconf 84' lang='lat' dir='ltr'><strong>didicerimus,</strong></span> <span class='ocrx_word' id='word_1_137' title='bbox 1031 1061 1189 1102; x_wconf 90' lang='lat' dir='ltr'><strong>velimus</strong></span> <span class='ocrx_word' id='word_1_138' title='bbox 1216 1067 1477 1114; x_wconf 87' lang='lat' dir='ltr'><strong>expromere.“</strong></span> <span class='ocrx_word' id='word_1_139' title='bbox 1559 1062 1658 1112; x_wconf 88' lang='lat' dir='ltr'><strong>Quis</strong></span> <span class='ocrx_word' id='word_1_140' title='bbox 1703 1067 1778 1110; x_wconf 88' lang='lat' dir='ltr'><strong>est,</strong></span> <span class='ocrx_word' id='word_1_141' title='bbox 1834 1053 1900 1116; x_wconf 81' lang='lat' dir='ltr'><strong>qui</strong></span> <span class='ocrx_word' id='word_1_142' title='bbox 1930 1062 2078 1116; x_wconf 84' lang='lat' dir='ltr'><strong>ignoret</strong></span> <span class='ocrx_word' id='word_1_143' title='bbox 2124 1063 2217 1104; x_wconf 94' lang='lat' dir='ltr'><strong>illud</strong></span> 
     </span>
    </p>
   </div>
   <div class='ocr_carea' id='block_1_5' title="bbox 211 1140 2215 1277">
    <p class='ocr_par' dir='ltr' id='par_1_5' title="bbox 211 1140 2215 1277">
     <span class='ocr_line' id='line_1_13' title="bbox 211 1140 2215 1196; baseline -0 -12"><span class='ocrx_word' id='word_1_144' title='bbox 211 1144 463 1184; x_wconf 87' lang='lat' dir='ltr'><strong>castissimum</strong></span> <span class='ocrx_word' id='word_1_145' title='bbox 490 1141 681 1196; x_wconf 85' lang='lat' dir='ltr'><strong>Scipionis</strong></span> <span class='ocrx_word' id='word_1_146' title='bbox 709 1141 749 1181; x_wconf 90' lang='lat' dir='ltr'><strong>in</strong></span> <span class='ocrx_word' id='word_1_147' title='bbox 776 1141 959 1195; x_wconf 87' lang='lat' dir='ltr'><strong>Hispania</strong></span> <span class='ocrx_word' id='word_1_148' title='bbox 986 1140 1147 1188; x_wconf 80' lang='lat' dir='ltr'><strong>facinus,</strong></span> <span class='ocrx_word' id='word_1_149' title='bbox 1175 1140 1254 1195; x_wconf 90' lang='lat' dir='ltr'><strong>qui,</strong></span> <span class='ocrx_word' id='word_1_150' title='bbox 1284 1153 1402 1195; x_wconf 90' lang='lat' dir='ltr'><strong>quum</strong></span> <span class='ocrx_word' id='word_1_151' title='bbox 1431 1140 1614 1194; x_wconf 85' lang='lat' dir='ltr'><strong>virginem</strong></span> <span class='ocrx_word' id='word_1_152' title='bbox 1643 1140 1848 1182; x_wconf 88' lang='lat' dir='ltr'><strong>admodum</strong></span> <span class='ocrx_word' id='word_1_153' title='bbox 1876 1141 2080 1182; x_wconf 85' lang='lat' dir='ltr'><strong>formosam</strong></span> <span class='ocrx_word' id='word_1_154' title='bbox 2101 1146 2215 1196; x_wconf 88' lang='lat' dir='ltr'><strong>atque</strong></span> 
     </span>
     <span class='ocr_line' id='line_1_14' title="bbox 211 1218 2215 1277; baseline -0 -14"><span class='ocrx_word' id='word_1_155' title='bbox 211 1227 431 1271; x_wconf 85' lang='lat' dir='ltr'><strong>venustam,</strong></span> <span class='ocrx_word' id='word_1_156' title='bbox 460 1235 560 1277; x_wconf 91' lang='lat' dir='ltr'><strong>quae</strong></span> <span class='ocrx_word' id='word_1_157' title='bbox 588 1234 611 1263; x_wconf 89' lang='lat' dir='ltr'><strong>a</strong></span> <span class='ocrx_word' id='word_1_158' title='bbox 637 1220 819 1262; x_wconf 86' lang='lat' dir='ltr'><strong>Romanis</strong></span> <span class='ocrx_word' id='word_1_159' title='bbox 846 1225 954 1274; x_wconf 88' lang='lat' dir='ltr'><strong>capta</strong></span> <span class='ocrx_word' id='word_1_160' title='bbox 981 1225 1078 1268; x_wconf 86' lang='lat' dir='ltr'><strong>erat,</strong></span> <span class='ocrx_word' id='word_1_161' title='bbox 1124 1232 1264 1274; x_wconf 88' lang='lat' dir='ltr'><strong>sponso</strong></span> <span class='ocrx_word' id='word_1_162' title='bbox 1293 1218 1468 1260; x_wconf 87' lang='lat' dir='ltr'><strong>redderet</strong></span> <span class='ocrx_word' id='word_1_163' title='bbox 1494 1220 1693 1268; x_wconf 81' lang='lat' dir='ltr'><strong>illibatam,</strong></span> <span class='ocrx_word' id='word_1_164' title='bbox 1739 1221 1840 1261; x_wconf 91' lang='lat' dir='ltr'><strong>hunc</strong></span> <span class='ocrx_word' id='word_1_165' title='bbox 1867 1222 1907 1261; x_wconf 88' lang='lat' dir='ltr'><strong>in</strong></span> <span class='ocrx_word' id='word_1_166' title='bbox 1935 1221 2091 1262; x_wconf 92' lang='lat' dir='ltr'><strong>modum</strong></span> <span class='ocrx_word' id='word_1_167' title='bbox 2119 1227 2215 1262; x_wconf 89' lang='lat' dir='ltr'><strong>teste</strong></span> 
     </span>
    </p>
   </div>
   <div class='ocr_carea' id='block_1_6' title="bbox 209 1299 2217 1514">
    <p class='ocr_par' dir='ltr' id='par_1_6' title="bbox 209 1299 2217 1514">
     <span class='ocr_line' id='line_1_15' title="bbox 210 1299 2217 1355; baseline 0.001 -14"><span class='ocrx_word' id='word_1_168' title='bbox 210 1301 320 1342; x_wconf 86' lang='lat' dir='ltr'><strong>Livio</strong></span> <span class='ocrx_word' id='word_1_169' title='bbox 352 1307 386 1350; x_wconf 70' lang='lat'><strong>⁴)</strong></span> <span class='ocrx_word' id='word_1_170' title='bbox 412 1299 566 1342; x_wconf 87' lang='lat' dir='ltr'><strong>locutus</strong></span> <span class='ocrx_word' id='word_1_171' title='bbox 592 1306 668 1341; x_wconf 84' lang='lat' dir='ltr'><strong>est:</strong></span> <span class='ocrx_word' id='word_1_172' title='bbox 723 1301 836 1349; x_wconf 89' lang='lat' dir='ltr'><strong>„Fuit</strong></span> <span class='ocrx_word' id='word_1_173' title='bbox 863 1313 1000 1354; x_wconf 90' lang='lat' dir='ltr'><strong>sponsa</strong></span> <span class='ocrx_word' id='word_1_174' title='bbox 1026 1305 1093 1339; x_wconf 90' lang='lat' dir='ltr'><strong>tua</strong></span> <span class='ocrx_word' id='word_1_175' title='bbox 1120 1299 1220 1352; x_wconf 90' lang='lat' dir='ltr'><strong>apud</strong></span> <span class='ocrx_word' id='word_1_176' title='bbox 1250 1312 1310 1338; x_wconf 91' lang='lat' dir='ltr'><strong>me</strong></span> <span class='ocrx_word' id='word_1_177' title='bbox 1338 1300 1490 1347; x_wconf 64' lang='lat' dir='ltr'><strong>eddem,</strong></span> <span class='ocrx_word' id='word_1_178' title='bbox 1537 1313 1613 1353; x_wconf 89' lang='lat' dir='ltr'><strong>qua</strong></span> <span class='ocrx_word' id='word_1_179' title='bbox 1647 1301 1748 1353; x_wconf 90' lang='lat' dir='ltr'><strong>apud</strong></span> <span class='ocrx_word' id='word_1_180' title='bbox 1786 1314 1937 1342; x_wconf 90' lang='lat' dir='ltr'><strong>soceros</strong></span> <span class='ocrx_word' id='word_1_181' title='bbox 1970 1307 2058 1342; x_wconf 90' lang='lat' dir='ltr'><strong>tuos</strong></span> <span class='ocrx_word' id='word_1_182' title='bbox 2085 1316 2217 1355; x_wconf 86' lang='lat' dir='ltr'><strong>paren·</strong></span> 
     </span>
     <span class='ocr_line' id='line_1_16' title="bbox 209 1378 2214 1435; baseline 0.001 -16"><span class='ocrx_word' id='word_1_183' title='bbox 209 1385 346 1434; x_wconf 84' lang='lat' dir='ltr'><strong>tesque</strong></span> <span class='ocrx_word' id='word_1_184' title='bbox 372 1394 484 1428; x_wconf 92' lang='lat' dir='ltr'><strong>suos,</strong></span> <span class='ocrx_word' id='word_1_185' title='bbox 525 1378 771 1425; x_wconf 82' lang='lat' dir='ltr'><strong>verecundia;</strong></span> <span class='ocrx_word' id='word_1_186' title='bbox 826 1385 971 1420; x_wconf 89' lang='lat' dir='ltr'><strong>servata</strong></span> <span class='ocrx_word' id='word_1_187' title='bbox 1006 1379 1075 1419; x_wconf 91' lang='lat' dir='ltr'><strong>tibi</strong></span> <span class='ocrx_word' id='word_1_188' title='bbox 1105 1384 1180 1425; x_wconf 82' lang='lat' dir='ltr'><strong>est,</strong></span> <span class='ocrx_word' id='word_1_189' title='bbox 1225 1384 1269 1418; x_wconf 93' lang='lat' dir='ltr'><strong>ut</strong></span> <span class='ocrx_word' id='word_1_190' title='bbox 1297 1379 1518 1418; x_wconf 89' lang='lat' dir='ltr'><strong>inviolatum</strong></span> <span class='ocrx_word' id='word_1_191' title='bbox 1547 1385 1585 1419; x_wconf 91' lang='lat' dir='ltr'><strong>et</strong></span> <span class='ocrx_word' id='word_1_192' title='bbox 1619 1379 1776 1433; x_wconf 84' lang='lat' dir='ltr'><strong>dignum</strong></span> <span class='ocrx_word' id='word_1_193' title='bbox 1804 1394 1865 1421; x_wconf 90' lang='lat' dir='ltr'><strong>me</strong></span> <span class='ocrx_word' id='word_1_194' title='bbox 1891 1387 2006 1435; x_wconf 89' lang='lat' dir='ltr'><strong>teque</strong></span> <span class='ocrx_word' id='word_1_195' title='bbox 2035 1382 2115 1422; x_wconf 84' lang='lat' dir='ltr'><strong>dari</strong></span> <span class='ocrx_word' id='word_1_196' title='bbox 2143 1382 2214 1423; x_wconf 88' lang='lat' dir='ltr'><strong>tibi</strong></span> 
     </span>
     <span class='ocr_line' id='line_1_17' title="bbox 209 1458 2214 1514; baseline 0.001 -15"><span class='ocrx_word' id='word_1_197' title='bbox 209 1459 355 1499; x_wconf 92' lang='lat' dir='ltr'><strong>donum</strong></span> <span class='ocrx_word' id='word_1_198' title='bbox 381 1465 521 1512; x_wconf 83' lang='lat' dir='ltr'><strong>posset.</strong></span> <span class='ocrx_word' id='word_1_199' title='bbox 576 1460 684 1500; x_wconf 86' lang='lat' dir='ltr'><strong>Hanc</strong></span> <span class='ocrx_word' id='word_1_200' title='bbox 710 1459 923 1500; x_wconf 86' lang='lat' dir='ltr'><strong>mercedem</strong></span> <span class='ocrx_word' id='word_1_201' title='bbox 951 1471 1067 1499; x_wconf 89' lang='lat' dir='ltr'><strong>unam</strong></span> <span class='ocrx_word' id='word_1_202' title='bbox 1095 1471 1163 1511; x_wconf 87' lang='lat' dir='ltr'><strong>pro</strong></span> <span class='ocrx_word' id='word_1_203' title='bbox 1191 1471 1238 1497; x_wconf 90' lang='lat' dir='ltr'><strong>eo</strong></span> <span class='ocrx_word' id='word_1_204' title='bbox 1266 1470 1423 1498; x_wconf 89' lang='lat' dir='ltr'><strong>munere</strong></span> <span class='ocrx_word' id='word_1_205' title='bbox 1450 1458 1636 1510; x_wconf 90' lang='lat' dir='ltr'><strong>paciscor,</strong></span> <span class='ocrx_word' id='word_1_206' title='bbox 1691 1460 1834 1501; x_wconf 86' lang='lat' dir='ltr'><strong>amicus</strong></span> <span class='ocrx_word' id='word_1_207' title='bbox 1869 1460 2012 1514; x_wconf 89' lang='lat' dir='ltr'><strong>populo</strong></span> <span class='ocrx_word' id='word_1_208' title='bbox 2039 1461 2214 1502; x_wconf 82' lang='lat' dir='ltr'><strong>Romano</strong></span> 
     </span>
    </p>
   </div>
   <div class='ocr_carea' id='block_1_7' title="bbox 204 1537 2217 2100">
    <p class='ocr_par' dir='ltr' id='par_1_7' title="bbox 204 1537 2217 1971">
     <span class='ocr_line' id='line_1_18' title="bbox 208 1537 2217 1591; baseline 0 -13"><span class='ocrx_word' id='word_1_209' title='bbox 208 1538 282 1586; x_wconf 87' lang='lat' dir='ltr'><strong>sis,</strong></span> <span class='ocrx_word' id='word_1_210' title='bbox 323 1543 378 1586; x_wconf 91' lang='lat' dir='ltr'><strong>et,</strong></span> <span class='ocrx_word' id='word_1_211' title='bbox 407 1539 438 1578; x_wconf 94' lang='lat' dir='ltr'><strong>si</strong></span> <span class='ocrx_word' id='word_1_212' title='bbox 466 1552 528 1578; x_wconf 90' lang='lat' dir='ltr'><strong>me</strong></span> <span class='ocrx_word' id='word_1_213' title='bbox 557 1538 681 1578; x_wconf 89' lang='lat' dir='ltr'><strong>virum</strong></span> <span class='ocrx_word' id='word_1_214' title='bbox 708 1539 853 1578; x_wconf 90' lang='lat' dir='ltr'><strong>bonum</strong></span> <span class='ocrx_word' id='word_1_215' title='bbox 881 1537 1004 1577; x_wconf 89' lang='lat' dir='ltr'><strong>credis</strong></span> <span class='ocrx_word' id='word_1_216' title='bbox 1031 1550 1133 1583; x_wconf 87' lang='lat' dir='ltr'><strong>esse,</strong></span> <span class='ocrx_word' id='word_1_217' title='bbox 1189 1537 1319 1589; x_wconf 90' lang='lat' dir='ltr'><strong>quales</strong></span> <span class='ocrx_word' id='word_1_218' title='bbox 1346 1541 1491 1588; x_wconf 84' lang='lat' dir='ltr'><strong>patrem</strong></span> <span class='ocrx_word' id='word_1_219' title='bbox 1520 1542 1774 1591; x_wconf 89' lang='lat' dir='ltr'><strong>patruumque</strong></span> <span class='ocrx_word' id='word_1_220' title='bbox 1800 1551 1928 1578; x_wconf 91' lang='lat' dir='ltr'><strong>meum</strong></span> <span class='ocrx_word' id='word_1_221' title='bbox 1952 1538 2031 1591; x_wconf 87' lang='lat' dir='ltr'><strong>jam</strong></span> <span class='ocrx_word' id='word_1_222' title='bbox 2059 1537 2217 1578; x_wconf 83' lang='lat' dir='ltr'><strong>antehac</strong></span> 
     </span>
     <span class='ocr_line' id='line_1_19' title="bbox 208 1614 2214 1670; baseline 0 -13"><span class='ocrx_word' id='word_1_223' title='bbox 208 1623 341 1670; x_wconf 78' lang='lat' dir='ltr'><strong>gentes</strong></span> <span class='ocrx_word' id='word_1_224' title='bbox 368 1622 524 1657; x_wconf 88' lang='lat' dir='ltr'><strong>norant:</strong></span> <span class='ocrx_word' id='word_1_225' title='bbox 579 1618 695 1665; x_wconf 89' lang='lat' dir='ltr'><strong>scias,</strong></span> <span class='ocrx_word' id='word_1_226' title='bbox 731 1617 871 1658; x_wconf 91' lang='lat' dir='ltr'><strong>multos</strong></span> <span class='ocrx_word' id='word_1_227' title='bbox 899 1617 1018 1657; x_wconf 85' lang='lat' dir='ltr'><strong>nostri</strong></span> <span class='ocrx_word' id='word_1_228' title='bbox 1045 1616 1184 1657; x_wconf 89' lang='lat' dir='ltr'><strong>similes</strong></span> <span class='ocrx_word' id='word_1_229' title='bbox 1212 1615 1250 1655; x_wconf 92' lang='lat' dir='ltr'><strong>in</strong></span> <span class='ocrx_word' id='word_1_230' title='bbox 1279 1614 1427 1656; x_wconf 88' lang='lat' dir='ltr'><strong>civitate</strong></span> <span class='ocrx_word' id='word_1_231' title='bbox 1454 1615 1626 1656; x_wconf 88' lang='lat' dir='ltr'><strong>Romana</strong></span> <span class='ocrx_word' id='word_1_232' title='bbox 1653 1629 1754 1665; x_wconf 90' lang='lat' dir='ltr'><strong>esse,</strong></span> <span class='ocrx_word' id='word_1_233' title='bbox 1791 1630 1860 1657; x_wconf 91' lang='lat' dir='ltr'><strong>nec</strong></span> <span class='ocrx_word' id='word_1_234' title='bbox 1888 1616 2007 1657; x_wconf 89' lang='lat' dir='ltr'><strong>ullum</strong></span> <span class='ocrx_word' id='word_1_235' title='bbox 2036 1616 2075 1659; x_wconf 90' lang='lat' dir='ltr'><strong>in</strong></span> <span class='ocrx_word' id='word_1_236' title='bbox 2102 1617 2214 1658; x_wconf 88' lang='lat' dir='ltr'><strong>terris</strong></span> 
     </span>
     <span class='ocr_line' id='line_1_20' title="bbox 207 1694 2208 1750; baseline 0 -14"><span class='ocrx_word' id='word_1_237' title='bbox 207 1697 392 1749; x_wconf 89' lang='lat' dir='ltr'><strong>populum</strong></span> <span class='ocrx_word' id='word_1_238' title='bbox 420 1696 536 1736; x_wconf 90' lang='lat' dir='ltr'><strong>hodie</strong></span> <span class='ocrx_word' id='word_1_239' title='bbox 563 1696 636 1737; x_wconf 87' lang='lat' dir='ltr'><strong>dici</strong></span> <span class='ocrx_word' id='word_1_240' title='bbox 664 1710 794 1749; x_wconf 85' lang='lat' dir='ltr'><strong>posse,</strong></span> <span class='ocrx_word' id='word_1_241' title='bbox 849 1709 962 1750; x_wconf 89' lang='lat' dir='ltr'><strong>quem</strong></span> <span class='ocrx_word' id='word_1_242' title='bbox 1000 1696 1125 1736; x_wconf 91' lang='lat' dir='ltr'><strong>minus</strong></span> <span class='ocrx_word' id='word_1_243' title='bbox 1163 1695 1231 1736; x_wconf 89' lang='lat' dir='ltr'><strong>tibi</strong></span> <span class='ocrx_word' id='word_1_244' title='bbox 1269 1694 1415 1736; x_wconf 86' lang='lat' dir='ltr'><strong>hostem</strong></span> <span class='ocrx_word' id='word_1_245' title='bbox 1450 1694 1603 1749; x_wconf 90' lang='lat' dir='ltr'><strong>tuisque</strong></span> <span class='ocrx_word' id='word_1_246' title='bbox 1639 1695 1730 1737; x_wconf 91' lang='lat' dir='ltr'><strong>velis</strong></span> <span class='ocrx_word' id='word_1_247' title='bbox 1765 1700 1831 1737; x_wconf 90' lang='lat' dir='ltr'><strong>aut</strong></span> <span class='ocrx_word' id='word_1_248' title='bbox 1864 1696 2029 1737; x_wconf 90' lang='lat' dir='ltr'><strong>amicum</strong></span> <span class='ocrx_word' id='word_1_249' title='bbox 2063 1696 2208 1737; x_wconf 51' lang='lat' dir='ltr'><strong>malis!</strong></span> 
     </span>
     <span class='ocr_line' id='line_1_21' title="bbox 207 1773 2210 1829; baseline 0 -13"><span class='ocrx_word' id='word_1_250' title='bbox 207 1775 319 1816; x_wconf 89' lang='lat' dir='ltr'><strong>Unde</strong></span> <span class='ocrx_word' id='word_1_251' title='bbox 346 1775 482 1816; x_wconf 90' lang='lat' dir='ltr'><strong>merito</strong></span> <span class='ocrx_word' id='word_1_252' title='bbox 510 1776 563 1823; x_wconf 91' lang='lat' dir='ltr'><strong>is,</strong></span> <span class='ocrx_word' id='word_1_253' title='bbox 601 1775 668 1829; x_wconf 89' lang='lat' dir='ltr'><strong>qui</strong></span> <span class='ocrx_word' id='word_1_254' title='bbox 696 1775 839 1828; x_wconf 88' lang='lat' dir='ltr'><strong>recepit</strong></span> <span class='ocrx_word' id='word_1_255' title='bbox 866 1789 1060 1829; x_wconf 89' lang='lat' dir='ltr'><strong>sponsam,</strong></span> <span class='ocrx_word' id='word_1_256' title='bbox 1101 1775 1221 1815; x_wconf 92' lang='lat' dir='ltr'><strong>laetus</strong></span> <span class='ocrx_word' id='word_1_257' title='bbox 1249 1773 1417 1828; x_wconf 89' lang='lat' dir='ltr'><strong>implevit</strong></span> <span class='ocrx_word' id='word_1_258' title='bbox 1444 1775 1645 1828; x_wconf 88' lang='lat' dir='ltr'><strong>populares</strong></span> <span class='ocrx_word' id='word_1_259' title='bbox 1672 1774 1848 1816; x_wconf 87' lang='lat' dir='ltr'><strong>laudibus</strong></span> <span class='ocrx_word' id='word_1_260' title='bbox 1876 1774 2081 1828; x_wconf 87' lang='lat' dir='ltr'><strong>Scipionis:</strong></span> <span class='ocrx_word' id='word_1_261' title='bbox 2127 1788 2210 1823; x_wconf 82' lang='lat' dir='ltr'><strong>„ve-</strong></span> 
     </span>
     <span class='ocr_line' id='line_1_22' title="bbox 206 1852 2213 1908; baseline 0 -16"><span class='ocrx_word' id='word_1_262' title='bbox 206 1852 309 1893; x_wconf 87' lang='lat' dir='ltr'><strong>nisse</strong></span> <span class='ocrx_word' id='word_1_263' title='bbox 336 1853 408 1893; x_wconf 89' lang='lat' dir='ltr'><strong>diis</strong></span> <span class='ocrx_word' id='word_1_264' title='bbox 436 1853 670 1895; x_wconf 90' lang='lat' dir='ltr'><strong>simillimum</strong></span> <span class='ocrx_word' id='word_1_265' title='bbox 694 1854 892 1908; x_wconf 86' lang='lat' dir='ltr'><strong>juvenem,</strong></span> <span class='ocrx_word' id='word_1_266' title='bbox 935 1854 1144 1894; x_wconf 87' lang='lat' dir='ltr'><strong>vincentem</strong></span> <span class='ocrx_word' id='word_1_267' title='bbox 1172 1853 1300 1893; x_wconf 88' lang='lat' dir='ltr'><strong>omnia</strong></span> <span class='ocrx_word' id='word_1_268' title='bbox 1329 1866 1448 1907; x_wconf 82' lang='lat' dir='ltr'><strong>quum</strong></span> <span class='ocrx_word' id='word_1_269' title='bbox 1476 1854 1610 1901; x_wconf 90' lang='lat' dir='ltr'><strong>armis,</strong></span> <span class='ocrx_word' id='word_1_270' title='bbox 1657 1859 1739 1894; x_wconf 82' lang='lat' dir='ltr'><strong>tum</strong></span> <span class='ocrx_word' id='word_1_271' title='bbox 1767 1855 2003 1907; x_wconf 85' lang='lat' dir='ltr'><strong>benignitate</strong></span> <span class='ocrx_word' id='word_1_272' title='bbox 2031 1866 2074 1893; x_wconf 90' lang='lat' dir='ltr'><strong>ac</strong></span> <span class='ocrx_word' id='word_1_273' title='bbox 2101 1854 2213 1893; x_wconf 88' lang='lat' dir='ltr'><strong>bene-</strong></span> 
     </span>
     <span class='ocr_line' id='line_1_23' title="bbox 204 1931 336 1971; baseline 0 0"><span class='ocrx_word' id='word_1_274' title='bbox 204 1931 336 1971; x_wconf 56' lang='lat' dir='ltr'><strong>ficiis!</strong></span> 
     </span>
    </p>

    <p class='ocr_par' dir='ltr' id='par_1_8' title="bbox 1156 2053 1258 2100">
     <span class='ocr_line' id='line_1_24' title="bbox 1156 2053 1258 2100; baseline -0.01 -8"><span class='ocrx_word' id='word_1_275' title='bbox 1156 2059 1191 2100; x_wconf 72' lang='lat' dir='ltr'><strong>s.</strong></span> <span class='ocrx_word' id='word_1_276' title='bbox 1220 2053 1258 2092; x_wconf 85' lang='lat'><strong>2.</strong></span> 
     </span>
    </p>
   </div>
   <div class='ocr_carea' id='block_1_8' title="bbox 196 2158 2208 2695">
    <p class='ocr_par' dir='ltr' id='par_1_9' title="bbox 196 2158 2208 2695">
     <span class='ocr_line' id='line_1_25' title="bbox 312 2158 2208 2212; baseline 0.001 -12"><span class='ocrx_word' id='word_1_277' title='bbox 312 2158 449 2212; x_wconf 84' lang='lat' dir='ltr'><strong>Neque</strong></span> <span class='ocrx_word' id='word_1_278' title='bbox 476 2171 565 2199; x_wconf 87' lang='lat' dir='ltr'><strong>vero</strong></span> <span class='ocrx_word' id='word_1_279' title='bbox 591 2158 668 2200; x_wconf 79' lang='lat' dir='ltr'><strong>tale</strong></span> <span class='ocrx_word' id='word_1_280' title='bbox 694 2158 860 2200; x_wconf 75' lang='lat' dir='ltr'><strong>nominis</strong></span> <span class='ocrx_word' id='word_1_281' title='bbox 889 2165 1152 2200; x_wconf 82' lang='lat' dir='ltr'><strong>ornamentum</strong></span> <span class='ocrx_word' id='word_1_282' title='bbox 1179 2159 1399 2212; x_wconf 82' lang='lat' dir='ltr'><strong>contigisset</strong></span> <span class='ocrx_word' id='word_1_283' title='bbox 1412 2158 1605 2206; x_wconf 49' lang='lat' dir='ltr'><strong>Romanis</strong></span> <span class='ocrx_word' id='word_1_284' title='bbox 1633 2159 1704 2198; x_wconf 90' lang='lat' dir='ltr'><strong>nisi</strong></span> <span class='ocrx_word' id='word_1_285' title='bbox 1731 2159 1803 2212; x_wconf 87' lang='lat' dir='ltr'><strong>ipsi</strong></span> <span class='ocrx_word' id='word_1_286' title='bbox 1821 2159 2054 2201; x_wconf 82' lang='lat' dir='ltr'><strong>humanitate</strong></span> <span class='ocrx_word' id='word_1_287' title='bbox 2066 2161 2208 2201; x_wconf 76' lang='lat' dir='ltr'><strong>eximio</strong></span> 
     </span>
     <span class='ocr_line' id='line_1_26' title="bbox 200 2237 2208 2291; baseline 0.001 -12"><span class='ocrx_word' id='word_1_288' title='bbox 200 2238 347 2280; x_wconf 72' lang='lat' dir='ltr'><strong>exculti</strong></span> <span class='ocrx_word' id='word_1_289' title='bbox 374 2243 415 2279; x_wconf 88' lang='lat' dir='ltr'><strong>et</strong></span> <span class='ocrx_word' id='word_1_290' title='bbox 440 2251 502 2280; x_wconf 85' lang='lat' dir='ltr'><strong>res</strong></span> <span class='ocrx_word' id='word_1_291' title='bbox 529 2250 607 2280; x_wconf 88' lang='lat' dir='ltr'><strong>non</strong></span> <span class='ocrx_word' id='word_1_292' title='bbox 632 2238 758 2280; x_wconf 85' lang='lat' dir='ltr'><strong>solum</strong></span> <span class='ocrx_word' id='word_1_293' title='bbox 785 2243 976 2289; x_wconf 84' lang='lat' dir='ltr'><strong>externae,</strong></span> <span class='ocrx_word' id='word_1_294' title='bbox 1003 2238 1070 2281; x_wconf 89' lang='lat' dir='ltr'><strong>sed</strong></span> <span class='ocrx_word' id='word_1_295' title='bbox 1098 2238 1325 2280; x_wconf 76' lang='lat' dir='ltr'><strong>domesticae</strong></span> <span class='ocrx_word' id='word_1_296' title='bbox 1352 2238 1467 2278; x_wconf 79' lang='lat' dir='ltr'><strong>etiam</strong></span> <span class='ocrx_word' id='word_1_297' title='bbox 1495 2237 1638 2291; x_wconf 82' lang='lat' dir='ltr'><strong>optime</strong></span> <span class='ocrx_word' id='word_1_298' title='bbox 1664 2239 1888 2280; x_wconf 63' lang='lat' dir='ltr'><strong>constitutae</strong></span> <span class='ocrx_word' id='word_1_299' title='bbox 1915 2245 2051 2280; x_wconf 86' lang='lat' dir='ltr'><strong>essent.</strong></span> <span class='ocrx_word' id='word_1_300' title='bbox 2107 2243 2208 2282; x_wconf 74' lang='lat' dir='ltr'><strong>Nam</strong></span> 
     </span>
     <span class='ocr_line' id='line_1_27' title="bbox 199 2316 2205 2373; baseline 0 -13"><span class='ocrx_word' id='word_1_301' title='bbox 199 2323 418 2373; x_wconf 78' lang='lat' dir='ltr'><strong>opportune</strong></span> <span class='ocrx_word' id='word_1_302' title='bbox 445 2318 620 2361; x_wconf 75' lang='lat' dir='ltr'><strong>Valerius</strong></span> <span class='ocrx_word' id='word_1_303' title='bbox 645 2319 854 2360; x_wconf 81' lang='lat' dir='ltr'><strong>Maximus:</strong></span> <span class='ocrx_word' id='word_1_304' title='bbox 873 2320 899 2373; x_wconf 81' lang='lat'><strong>³)</strong></span> <span class='ocrx_word' id='word_1_305' title='bbox 955 2319 1087 2369; x_wconf 80' lang='lat' dir='ltr'><strong>„de</strong></span> <span class='ocrx_word' id='word_1_306' title='bbox 1114 2320 1233 2368; x_wconf 76' lang='lat' dir='ltr'><strong>enim,</strong></span> <span class='ocrx_word' id='word_1_307' title='bbox 1262 2320 1333 2368; x_wconf 86' lang='lat' dir='ltr'><strong>ait,</strong></span> <span class='ocrx_word' id='word_1_308' title='bbox 1365 2316 1539 2371; x_wconf 86' lang='lat' dir='ltr'><strong>prodest,</strong></span> <span class='ocrx_word' id='word_1_309' title='bbox 1573 2318 1664 2358; x_wconf 77' lang='lat' dir='ltr'><strong>soris</strong></span> <span class='ocrx_word' id='word_1_310' title='bbox 1691 2332 1773 2360; x_wconf 83' lang='lat' dir='ltr'><strong>esse</strong></span> <span class='ocrx_word' id='word_1_311' title='bbox 1799 2325 2014 2369; x_wconf 71' lang='lat' dir='ltr'><strong>strenuum,</strong></span> <span class='ocrx_word' id='word_1_312' title='bbox 2041 2321 2073 2360; x_wconf 87' lang='lat' dir='ltr'><strong>si</strong></span> <span class='ocrx_word' id='word_1_313' title='bbox 2101 2319 2205 2361; x_wconf 83' lang='lat' dir='ltr'><strong>domi</strong></span> 
     </span>
     <span class='ocr_line' id='line_1_28' title="bbox 199 2395 2206 2453; baseline 0.001 -13"><span class='ocrx_word' id='word_1_314' title='bbox 199 2399 300 2440; x_wconf 63' lang='lat' dir='ltr'><strong>mle</strong></span> <span class='ocrx_word' id='word_1_315' title='bbox 326 2395 505 2440; x_wconf 72' lang='lat' dir='ltr'><strong>vivitur.“</strong></span> <span class='ocrx_word' id='word_1_316' title='bbox 559 2400 695 2453; x_wconf 85' lang='lat' dir='ltr'><strong>Neque</strong></span> <span class='ocrx_word' id='word_1_317' title='bbox 720 2398 877 2448; x_wconf 85' lang='lat' dir='ltr'><strong>Cicero,</strong></span> <span class='ocrx_word' id='word_1_318' title='bbox 930 2398 1163 2453; x_wconf 80' lang='lat' dir='ltr'><strong>reipublicae</strong></span> <span class='ocrx_word' id='word_1_319' title='bbox 1197 2401 1393 2441; x_wconf 81' lang='lat' dir='ltr'><strong>Romanae</strong></span> <span class='ocrx_word' id='word_1_320' title='bbox 1421 2410 1498 2437; x_wconf 88' lang='lat' dir='ltr'><strong>non</strong></span> <span class='ocrx_word' id='word_1_321' title='bbox 1527 2398 1753 2440; x_wconf 87' lang='lat' dir='ltr'><strong>clarissimus</strong></span> <span class='ocrx_word' id='word_1_322' title='bbox 1779 2400 1902 2440; x_wconf 87' lang='lat' dir='ltr'><strong>solum</strong></span> <span class='ocrx_word' id='word_1_323' title='bbox 1937 2406 2086 2449; x_wconf 81' lang='lat' dir='ltr'><strong>orator,</strong></span> <span class='ocrx_word' id='word_1_324' title='bbox 2140 2400 2206 2441; x_wconf 82' lang='lat' dir='ltr'><strong>sed</strong></span> 
     </span>
     <span class='ocr_line' id='line_1_29' title="bbox 199 2477 2204 2535; baseline 0.001 -16"><span class='ocrx_word' id='word_1_325' title='bbox 199 2477 326 2520; x_wconf 71' lang='lat' dir='ltr'><strong>durus</strong></span> <span class='ocrx_word' id='word_1_326' title='bbox 352 2477 467 2520; x_wconf 83' lang='lat' dir='ltr'><strong>etiam</strong></span> <span class='ocrx_word' id='word_1_327' title='bbox 492 2479 702 2533; x_wconf 59' lang='lat' dir='ltr'><strong>impuator</strong></span> <span class='ocrx_word' id='word_1_328' title='bbox 725 2477 914 2519; x_wconf 78' lang='lat' dir='ltr'><strong>dubitavit</strong></span> <span class='ocrx_word' id='word_1_329' title='bbox 939 2490 1137 2532; x_wconf 76' lang='lat' dir='ltr'><strong>quaerere,</strong></span> <span class='ocrx_word' id='word_1_330' title='bbox 1150 2478 1179 2531; x_wconf 69' lang='grc' dir='ltr'><strong>θ)</strong></span> <span class='ocrx_word' id='word_1_331' title='bbox 1215 2482 1386 2518; x_wconf 75' lang='lat' dir='ltr'><strong>essmme</strong></span> <span class='ocrx_word' id='word_1_332' title='bbox 1419 2490 1481 2518; x_wconf 89' lang='lat' dir='ltr'><strong>res</strong></span> <span class='ocrx_word' id='word_1_333' title='bbox 1507 2477 1661 2519; x_wconf 86' lang='lat' dir='ltr'><strong>bellicae</strong></span> <span class='ocrx_word' id='word_1_334' title='bbox 1687 2479 1849 2534; x_wconf 72' lang='lat' dir='ltr'><strong>majores</strong></span> <span class='ocrx_word' id='word_1_335' title='bbox 1876 2492 1990 2535; x_wconf 88' lang='lat' dir='ltr'><strong>quam</strong></span> <span class='ocrx_word' id='word_1_336' title='bbox 2017 2480 2186 2521; x_wconf 82' lang='lat' dir='ltr'><strong>urbanae</strong></span> <span class='ocrx_word' id='word_1_337' title='bbox 2192 2493 2204 2527; x_wconf 67' lang='grc' dir='ltr'><strong><em>ς</em></strong></span> 
     </span>
     <span class='ocr_line' id='line_1_30' title="bbox 196 2555 2202 2613; baseline 0.001 -16"><span class='ocrx_word' id='word_1_338' title='bbox 196 2568 272 2598; x_wconf 71' lang='lat' dir='ltr'><strong>uec</strong></span> <span class='ocrx_word' id='word_1_339' title='bbox 298 2557 484 2599; x_wconf 77' lang='lat' dir='ltr'><strong>dubitavit</strong></span> <span class='ocrx_word' id='word_1_340' title='bbox 510 2556 739 2599; x_wconf 76' lang='lat' dir='ltr'><strong>domesticas</strong></span> <span class='ocrx_word' id='word_1_341' title='bbox 767 2555 955 2611; x_wconf 70' lang='lat' dir='ltr'><strong>praeferre</strong></span> <span class='ocrx_word' id='word_1_342' title='bbox 981 2557 1228 2605; x_wconf 79' lang='lat' dir='ltr'><strong>militaribus,</strong></span> <span class='ocrx_word' id='word_1_343' title='bbox 1268 2564 1368 2597; x_wconf 81' lang='lat' dir='ltr'><strong>certe</strong></span> <span class='ocrx_word' id='word_1_344' title='bbox 1401 2569 1533 2597; x_wconf 75' lang='lat' dir='ltr'><strong>rerum</strong></span> <span class='ocrx_word' id='word_1_345' title='bbox 1568 2558 1787 2600; x_wconf 77' lang='lat' dir='ltr'><strong>militarium</strong></span> <span class='ocrx_word' id='word_1_346' title='bbox 1821 2561 2090 2613; x_wconf 80' lang='lat' dir='ltr'><strong>amplissimam</strong></span> <span class='ocrx_word' id='word_1_347' title='bbox 2128 2560 2202 2600; x_wconf 82' lang='lat' dir='ltr'><strong>for-</strong></span> 
     </span>
     <span class='ocr_line' id='line_1_31' title="bbox 199 2635 2205 2695; baseline 0.001 -17"><span class='ocrx_word' id='word_1_348' title='bbox 199 2641 333 2678; x_wconf 72' lang='lat' dir='ltr'><strong>tunam</strong></span> <span class='ocrx_word' id='word_1_349' title='bbox 368 2638 408 2677; x_wconf 80' lang='lat' dir='ltr'><strong>in</strong></span> <span class='ocrx_word' id='word_1_350' title='bbox 443 2638 648 2678; x_wconf 68' lang='lat' dir='ltr'><strong>domestiea</strong></span> <span class='ocrx_word' id='word_1_351' title='bbox 679 2644 721 2678; x_wconf 80' lang='lat' dir='ltr'><strong>et</strong></span> <span class='ocrx_word' id='word_1_352' title='bbox 755 2635 902 2691; x_wconf 68' lang='lat' dir='ltr'><strong>privata</strong></span> <span class='ocrx_word' id='word_1_353' title='bbox 937 2638 1074 2678; x_wconf 82' lang='lat' dir='ltr'><strong>civium</strong></span> <span class='ocrx_word' id='word_1_354' title='bbox 1110 2638 1347 2678; x_wconf 81' lang='lat' dir='ltr'><strong>institutione</strong></span> <span class='ocrx_word' id='word_1_355' title='bbox 1384 2639 1631 2688; x_wconf 77' lang='lat' dir='ltr'><strong>constituere,</strong></span> <span class='ocrx_word' id='word_1_356' title='bbox 1686 2639 1858 2681; x_wconf 80' lang='lat' dir='ltr'><strong>similiter</strong></span> <span class='ocrx_word' id='word_1_357' title='bbox 1893 2646 2008 2695; x_wconf 77' lang='lat' dir='ltr'><strong>atque</strong></span> <span class='ocrx_word' id='word_1_358' title='bbox 2047 2650 2205 2693; x_wconf 70' lang='lat' dir='ltr'><strong>corpore</strong></span> 
     </span>
    </p>
   </div>
   <div class='ocr_carea' id='block_1_9' title="bbox 185 2847 1204 3059">
    <p class='ocr_par' dir='ltr' id='par_1_10' title="bbox 241 2847 1204 3001">
     <span class='ocr_line' id='line_1_32' title="bbox 241 2847 1204 2892; baseline 0.003 -12"><span class='ocrx_word' id='word_1_359' title='bbox 241 2848 278 2889; x_wconf 80' lang='lat'><strong>3)</strong></span> <span class='ocrx_word' id='word_1_360' title='bbox 302 2847 373 2881; x_wconf 85' lang='lat' dir='ltr'><strong>Cic.</strong></span> <span class='ocrx_word' id='word_1_361' title='bbox 395 2848 430 2880; x_wconf 86' lang='lat' dir='ltr'><strong>in</strong></span> <span class='ocrx_word' id='word_1_362' title='bbox 455 2848 540 2891; x_wconf 79' lang='lat' dir='ltr'><strong>Epp.</strong></span> <span class='ocrx_word' id='word_1_363' title='bbox 563 2849 609 2881; x_wconf 79' lang='lat' dir='ltr'><strong>ad</strong></span> <span class='ocrx_word' id='word_1_364' title='bbox 631 2847 745 2885; x_wconf 82' lang='lat' dir='ltr'><strong>Quint.</strong></span> <span class='ocrx_word' id='word_1_365' title='bbox 769 2849 925 2889; x_wconf 74' lang='lat' dir='ltr'><strong>fratrem,</strong></span> <span class='ocrx_word' id='word_1_366' title='bbox 948 2849 1005 2881; x_wconf 90' lang='lat' dir='ltr'><strong>lib.</strong></span> <span class='ocrx_word' id='word_1_367' title='bbox 1029 2848 1064 2889; x_wconf 89' lang='lat' dir='ltr'><strong>l,</strong></span> <span class='ocrx_word' id='word_1_368' title='bbox 1097 2860 1149 2892; x_wconf 82' lang='lat' dir='ltr'><strong>ep.</strong></span> <span class='ocrx_word' id='word_1_369' title='bbox 1176 2850 1204 2885; x_wconf 87' lang='lat' dir='ltr'><strong>l.</strong></span> 
     </span>
     <span class='ocr_line' id='line_1_33' title="bbox 241 2902 683 2946; baseline 0.007 -10"><span class='ocrx_word' id='word_1_370' title='bbox 241 2902 278 2945; x_wconf 79' lang='grc'><strong>4)</strong></span> <span class='ocrx_word' id='word_1_371' title='bbox 301 2902 340 2936; x_wconf 89' lang='lat' dir='ltr'><strong>ln</strong></span> <span class='ocrx_word' id='word_1_372' title='bbox 361 2903 437 2937; x_wconf 87' lang='lat' dir='ltr'><strong>libr.</strong></span> <span class='ocrx_word' id='word_1_373' title='bbox 460 2903 599 2946; x_wconf 83' lang='lat' dir='ltr'><strong>XXVI,</strong></span> <span class='ocrx_word' id='word_1_374' title='bbox 630 2904 683 2939; x_wconf 84' lang='lat'><strong>50.</strong></span> 
     </span>
     <span class='ocr_line' id='line_1_34' title="bbox 242 2958 804 3001; baseline 0.005 -10"><span class='ocrx_word' id='word_1_375' title='bbox 242 2958 279 3001; x_wconf 76' lang='lat'><strong>5)</strong></span> <span class='ocrx_word' id='word_1_376' title='bbox 303 2958 341 2991; x_wconf 78' lang='lat' dir='ltr'><strong>ln</strong></span> <span class='ocrx_word' id='word_1_377' title='bbox 363 2958 581 2993; x_wconf 65' lang='lat' dir='ltr'><strong>Memor-bil.</strong></span> <span class='ocrx_word' id='word_1_378' title='bbox 604 2958 680 2992; x_wconf 87' lang='lat' dir='ltr'><strong>libr.</strong></span> <span class='ocrx_word' id='word_1_379' title='bbox 704 2958 749 2999; x_wconf 85' lang='lat'><strong>11,</strong></span> <span class='ocrx_word' id='word_1_380' title='bbox 773 2961 804 2994; x_wconf 79' lang='grc'><strong>4.</strong></span> 
     </span>
    </p>

    <p class='ocr_par' dir='ltr' id='par_1_11' title="bbox 185 3013 917 3059">
     <span class='ocr_line' id='line_1_35' title="bbox 185 3013 917 3059; baseline 0.001 -12"><span class='ocrx_word' id='word_1_381' title='bbox 185 3033 195 3042; x_wconf 85' lang='grc'><strong>-</strong></span> <span class='ocrx_word' id='word_1_382' title='bbox 242 3014 278 3056; x_wconf 79' lang='grc'><strong>6)</strong></span> <span class='ocrx_word' id='word_1_383' title='bbox 301 3013 371 3049; x_wconf 86' lang='lat' dir='ltr'><strong>Cic.</strong></span> <span class='ocrx_word' id='word_1_384' title='bbox 394 3015 428 3046; x_wconf 88' lang='lat' dir='ltr'><strong>in</strong></span> <span class='ocrx_word' id='word_1_385' title='bbox 450 3014 509 3048; x_wconf 87' lang='lat' dir='ltr'><strong>lib.</strong></span> <span class='ocrx_word' id='word_1_386' title='bbox 532 3013 557 3046; x_wconf 88' lang='lat'><strong>1.</strong></span> <span class='ocrx_word' id='word_1_387' title='bbox 580 3014 624 3048; x_wconf 80' lang='lat' dir='ltr'><strong>de</strong></span> <span class='ocrx_word' id='word_1_388' title='bbox 646 3013 744 3048; x_wconf 80' lang='lat' dir='ltr'><strong>offic.</strong></span> <span class='ocrx_word' id='word_1_389' title='bbox 766 3025 839 3059; x_wconf 75' lang='lat' dir='ltr'><strong>cap.</strong></span> <span class='ocrx_word' id='word_1_390' title='bbox 863 3014 917 3048; x_wconf 79' lang='lat'><strong>22.</strong></span> 
     </span>
    </p>
   </div>
  </div>
 </body>
</html>
