2519 3290
1083 320 1126 352 ιιι-
1441 309 1576 361 ⁴⁸*

861 985 878 1031 ἰ

222 1086 412 1196 ”uum
446 1135 518 1176 boc
545 1146 646 1175 anno
673 1145 813 1175 munus
838 1132 932 1175 mihi
959 1132 1130 1175 oblatum
1156 1137 1256 1174 esset
1283 1131 1332 1173 ad
1361 1145 1521 1174 examen
1546 1132 1741 1188 publicum
1768 1133 1970 1182 invitandi,
2014 1133 2231 1188 quaerenda

222 1216 296 1278 fuit
322 1215 480 1257 materia
507 1213 694 1255 scribendi
720 1227 800 1255 non
826 1212 1032 1255 admodum
1059 1213 1182 1266 larga,
1226 1225 1276 1253 ne
1302 1211 1440 1254 libellis
1467 1214 1709 1269 superiorum
1736 1226 1925 1255 annorum
1953 1213 2105 1268 copiose
2141 1213 2231 1255 seri·

223 1297 299 1351 ptis
326 1296 453 1349 magni
481 1295 704 1336 afferrentur
731 1299 861 1335 nostro
888 1293 1034 1334 aerario
1062 1298 1245 1347 sumptus.
1303 1292 1392 1343 Qua
1427 1294 1475 1335 de
1507 1279 1621 1335 causa
1656 1294 1752 1347 elegi
1790 1307 1893 1343 rem,
1950 1307 2066 1349 quam
2099 1306 2233 1336 omnes

223 1373 433 1427 intelligent
456 1372 658 1428 Juvenibus
678 1372 799 1414 ‘etiam
827 1377 978 1415 nostrae
1006 1372 1138 1415 aetatis
1165 1385 1247 1414 esse
1275 1373 1619 1424 accommodatam,
1655 1374 1877 1429 praesertim
1905 1386 2026 1429 quum
2054 1373 2113 1415 his
2140 1373 2231 1429 ipsis

223 1452 460 1506 temporibus
486 1453 654 1495 firmiora
681 1453 923 1495 fundamenta
950 1452 1123 1507 publicae
1150 1452 1290 1494 civium
1328 1453 1477 1494 virtutis
1504 1458 1620 1507 atque
1652 1453 1859 1495 industriae
1893 1459 2096 1507 ponantur.

1162 1783 1197 1823 S.
1256 1779 1292 1819 1.

331 1883 465 1924 Cicero
493 1895 613 1936 quum
641 1889 680 1923 et
706 1888 877 1936 tempora
905 1883 1061 1936 antiqua
1093 1882 1323 1935 reipublicae
1360 1879 1557 1926 Ramanae
1591 1883 1689 1923 laeta
1722 1882 1907 1925 memoria
1933 1886 2140 1935 repeteret,
2193 1886 2234 1923 et

227 1975 274 2003 ea
300 1967 488 2015 tempora,
543 1961 682 2015 quibus
709 1962 790 2015 ipse
817 1975 893 2003 non
930 1962 1053 2003 solum
1090 1975 1268 2015 praesens
1295 1962 1446 2011 aderat,
1501 1961 1567 2002 sed
1595 1962 1794 2012 intererat,
1855 1961 1953 2003 tristi
1990 1966 2117 2002 mente
2143 1974 2232 2002 eon-

228 2041 426 2088 sideraret,
482 2040 671 2093 praeclare
707 2053 750 2079 ac
783 2041 883 2093 juste
919 2042 958 2080 in
992 2042 1111 2080 altero
1144 2041 1192 2080 de
1227 2040 1376 2081 Officiis
1411 2041 1509 2081 libro
1545 2045 1581 2091 ¹)
1625 2041 1827 2094 imperium
1859 2041 2097 2088 Romanum,
2152 2052 2231 2093 quo

227 2121 374 2162 nullum
402 2119 546 2161 exstitit
570 2120 713 2174 majus,
768 2119 1040 2161 nominandum
1075 2119 1327 2173 patrocinium
1364 2119 1467 2161 orbis
1503 2125 1691 2161 terrarum
1724 2119 1852 2162 verius
1885 2132 2002 2175 quam
2029 2118 2232 2174 imperium

231 2200 389 2242 censuit.
471 2199 721 2242 Notissimum
759 2204 816 2240 est
852 2199 943 2241 illud
981 2193 1153 2254 quoque,
1208 2198 1314 2253 quod
1342 2198 1477 2241 Graeci
1505 2213 1546 2241 se
1572 2213 1653 2240 esse
1680 2199 1752 2240 rati
1779 2199 1958 2242 liberatos
1985 2212 2008 2240 a
2035 2198 2231 2249 Romanis,

230 2279 491 2322 exclamabant
517 2278 733 2320 laetabundi
761 2279 862 2333 apud
889 2279 1059 2321 Livium:
1089 2282 1126 2330 2)
1181 2278 1309 2328 „Esse
1353 2279 1519 2334 aliquam
1564 2279 1604 2319 in
1638 2278 1751 2321 terris
1795 2284 1963 2332 gentem,
2018 2291 2118 2332 quae
2160 2289 2233 2319 sua

230 2359 420 2412 impensa,
466 2370 536 2398 suo
564 2358 693 2399 labore
720 2371 764 2399 ac
791 2358 957 2412 periculo
984 2358 1080 2399 bella
1107 2362 1213 2410 gerat
1239 2370 1310 2412 pro
1337 2358 1513 2401 libertate
1535 2342 1723 2406 'aliorum;
1771 2371 1842 2400 nec
1867 2358 1940 2400 hoc
1966 2356 2138 2399 finitimis
2164 2362 2234 2400 aut

229 2437 465 2493 propinquae
492 2436 691 2478 vicinitatis
718 2438 934 2479 hominibus
962 2442 1028 2478 aut
1053 2437 1165 2478 terris
1193 2437 1401 2479 continenti
1423 2437 1564 2492 junctis
1591 2443 1775 2492 praestet,
1809 2436 1877 2479 sed
1910 2438 2031 2479 maria
2057 2438 2233 2494 trajiciat,

231 2530 280 2557 ne
307 2516 413 2570 quod
436 2521 518 2557 toto
547 2518 639 2558 orbe
665 2524 852 2559 terrarum
878 2518 1058 2572 injustum
1087 2517 1288 2570 imperium
1315 2518 1387 2566 sit,
1423 2523 1462 2558 et
1487 2518 1632 2574 ubique
1655 2518 1739 2571 jus,
1772 2516 1852 2567 fas,
1879 2517 1941 2558 lex
1969 2519 2233 2573 potentissima

229 2595 315 2637 sint.
372 2595 454 2636 Una
482 2608 573 2636 voce
600 2597 796 2650 praeconis
823 2597 998 2638 liberatas
1024 2609 1154 2637 omnes
1182 2595 1363 2638 Graeciae
1399 2602 1514 2651 atque
1550 2597 1663 2638 Asiae
1696 2595 1822 2638 urbes.
1884 2597 1970 2639 Hoc
2006 2611 2074 2653 spe
2107 2598 2231 2640 conci·

230 2688 341 2731 pere,
375 2674 528 2717 audacis
555 2676 671 2718 animi
699 2676 836 2719 fuisse:
890 2677 937 2719 ad
966 2677 1138 2720 effectum
1166 2675 1371 2727 adducere,
1417 2676 1566 2718 virtutis
1592 2681 1631 2718 et
1658 2675 1833 2718 sommae
1861 2677 2063 2732 ingentis.“
2117 2679 2230 2720 Prae·

231 2760 335 2797 terea
361 2768 447 2796 cum
475 2756 603 2797 animo
629 2762 697 2798 tuo
724 2763 876 2811 reputes
903 2758 1036 2807 velim,
1089 2770 1204 2812 quam
1249 2757 1399 2810 egregia
1444 2757 1584 2798 fuerint
1629 2758 1692 2799 illa
1732 2758 1982 2801 humanitatis
2018 2765 2230 2814 praecepta,

281 2928 315 2971 1)
337 2928 381 2962 d.
403 2926 473 2963 eie.
495 2927 539 2962 de
561 2927 658 2962 ome.
679 2929 739 2963 lib.
763 2928 803 2963 u.
834 2941 907 2974 cop.
929 2931 959 2965 8.

278 2982 315 3026 2)
337 2983 380 3019 εἰ.
402 2982 477 3019 Liv.
499 2982 669 3024 xxxm,
692 2984 746 3018 33.
