2519 3290
1095 103 1337 143 ...7--

218 211 283 252 lib.
316 211 364 259 I,
396 211 470 252 1οε
529 210 594 260 ‚si
640 209 793 264 quando
840 209 932 249 urbs
958 214 1087 249 nostra
1131 207 1349 249 liberalibus
1394 208 1530 249 studiis
1576 209 1722 257 floruit,
1777 222 1879 250 nunc
1911 210 2076 250 maxime
2102 210 2223 252 floret.

217 290 343 331 Multa
370 290 547 343 claraque
575 288 746 343 exempla
773 292 875 329 sunt.
946 286 1146 328 Suffecerit
1180 300 1321 335 unum,
1366 286 1593 349 Euphrates(
1617 287 1873 341 philosophus.
1946 289 2058 329 Hunc
2084 302 2156 342 ego
2183 290 2225 331 in

216 368 326 423 Syria
354 381 474 422 quum
503 367 803 409 adolescentulus
829 366 1031 407 militarem
1071 365 1223 419 penitus
1250 371 1289 407 et
1315 365 1420 408 domi
1448 365 1615 420 inspexi,
1643 367 1838 421 amarique
1865 368 1913 409 ab
1941 381 1988 409 eo
2015 368 2221 410 laboravi.-

215 447 322 488 Idem
350 448 390 487 in
418 461 502 502 epp.
532 447 596 487 lib.
625 445 699 494 111,
730 446 792 485 11.
822 445 931 486 dicit:
986 443 1055 494 „C.
1082 443 1327 493 Musonium,
1361 443 1653 498 (philosophum
1689 445 1860 488 Stoicum
1888 448 2074 502 equestris
2102 447 2224 501 digni-

215 527 303 569 tatis
331 533 426 569 teste
454 526 608 574 Tacito,
646 524 777 566 histor.
807 525 871 566 lib.
899 524 975 572 111,
1003 524 1083 578 81.)
1128 528 1167 564 et
1191 522 1476 565 Artemidorum
1499 523 1579 578 jam
1606 529 1707 574 tum,
1754 538 1874 580 quum
1902 526 1942 567 in
1970 526 2076 581 Syria
2104 526 2224 569 tribu-

215 620 288 649 nus
316 607 539 655 militarem,
568 610 669 647 arcta
697 603 949 646 familiaritate
976 603 1194 659 complexus
1220 615 1325 651 sum:
1352 626 1405 633 —-
1432 615 1522 644 nam
1550 616 1598 644 ex
1625 604 1820 656 omnibus,
1848 606 1916 662 qui
1944 617 2047 647 nunc
2073 618 2113 646 se
2141 605 2222 660 phi·

215 687 395 741 losophos
430 691 582 735 vocant,
637 686 700 726 vix
736 697 858 725 unum
891 690 958 725 aut
992 684 1152 725 alterum
1190 683 1356 724 invenies
1383 687 1489 723 tanta
1515 683 1748 738 sinceritate,
1783 691 1887 726 tanta
1915 686 2085 734 veritate,
2095 692 2118 710 “
2146 709 2198 717 —
2211 716 2221 726 .

215 767 486 807 Verumtamen
521 766 560 806 in
602 767 685 819 ipso
720 778 913 806 armorum
948 765 1115 806 tumultu
1148 763 1322 804 colebant
1358 764 1401 817 11)
1436 763 1575 804 literas.
1658 764 1702 805 Id
1738 771 1865 806 autem
1900 766 2109 815 faciebant,
2155 779 2222 815 ne,

214 857 334 900 quum
362 846 504 887 nollent
531 845 637 886 ducis
664 846 721 886 vel
749 845 847 886 aiius
873 844 1045 885 militaris
1073 842 1265 896 dignitatis
1292 842 1475 901 honorem
1504 843 1681 898 adipisci,
1709 849 1847 894 tamen,
1875 851 2076 900 postquam
2102 846 2220 888 Sena·

213 930 319 966 tores
358 930 426 965 aut
471 925 715 978 proconsules
760 924 1040 978 provinciarum
1086 921 1174 962 facti
1212 927 1355 971 essent,
1409 921 1449 962 in
1484 935 1612 964 rerum
1648 924 1869 965 bellicarum
1897 925 2222 966 administratione

213 1009 438 1056 apparerent
465 1004 599 1052 rudes,
627 985 747 1057 utque
775 1003 983 1045 faciliorem
1011 1002 1059 1044 ad
1087 1014 1220 1042 omnes
1246 1001 1335 1042 belli
1361 1000 1511 1056 forique
1536 1003 1776 1056 magistratus
1803 1010 1981 1056 pararent
2009 1004 2169 1046 aditum;

1146 1189 1181 1231 ς.
1238 1185 1275 1224 5.

318 1290 514 1332 Summam
531 1302 632 1331 <vero
659 1303 813 1343 operam
841 1291 1033 1344 ponebant
1059 1291 1100 1332 in
1128 1290 1366 1345 eloquentiae
1393 1288 1537 1339 studio,
1574 1302 1698 1345 eoque
1726 1291 1886 1332 consilio
1914 1292 2070 1333 adibant
2096 1290 2212 1334 Grae·

210 1370 325 1419 ciam,
388 1383 487 1424 quae
523 1383 671 1424 semper
704 1369 914 1412 habebatur
959 1371 1096 1413 domus
1132 1383 1220 1412 cum
1263 1369 1386 1411 omnis
1428 1369 1640 1418 doctrinae,
1694 1377 1776 1412 tum
1829 1384 1918 1413 vero
1964 1371 2217 1427 eloquentiae.

208 1450 269 1491 Ab
294 1450 466 1491 Homero
495 1462 651 1504 quoque
678 1450 786 1503 pueri
816 1451 978 1492 Romani
1017 1452 1060 1505 ¹⁸)
1089 1450 1284 1492 literarum
1318 1449 1485 1490 studium
1518 1450 1809 1504 auspicabantur
1845 1457 1883 1492 et
1913 1452 2071 1506 Juvenes
2099 1450 2215 1492 Grae·

209 1542 274 1570 cos
301 1529 548 1584 philosophos
576 1528 877 1584 frequentabant.
933 1530 1068 1585 Itaque
1096 1528 1230 1571 Cicero
1267 1533 1316 1577 1θ)
1344 1528 1561 1570 adolescens
1586 1530 1731 1571 Romae
1765 1543 1813 1571 ex
1840 1530 2072 1585 philosophis
2099 1530 2216 1571 Grae-

208 1608 279 1656 cis,
342 1608 409 1662 qui
449 1608 513 1648 illo
547 1614 716 1663 tempore
751 1610 791 1648 in
828 1610 968 1650 Urbem
1003 1609 1222 1662 frequenter
1255 1608 1520 1660 confugerant,
1574 1622 1667 1649 usus
1694 1615 1751 1649 est
1777 1609 2017 1662 potissimum
2043 1608 2216 1656 Philone,

207 1687 380 1742 principe
407 1687 651 1737 Academiae,
696 1694 778 1729 tum
809 1688 934 1730 Rhodi
961 1688 1165 1743 Apollonio
1192 1687 1366 1736 Melone,
1412 1701 1526 1742 quem
1549 1688 1629 1742 jam
1655 1689 1800 1730 Romae
1826 1688 2011 1730 audierat.
2080 1687 2209 1729 Etiam

206 1767 479 1817 Posidonium,
511 1771 565 1819 ²⁰)
610 1766 881 1821 philosophum
920 1768 1091 1810 Stoicum
1125 1766 1388 1822 frequentabat
1422 1772 1460 1807 et
1494 1766 1652 1807 Athenis
1687 1780 1774 1808 eum
1806 1767 1997 1809 Antiocho
2011 1797 2022 1816 ,
2077 1765 2215 1807 veteris

206 1846 436 1890 Academiae
469 1846 703 1888 nobilissimo
737 1847 984 1902 philosopho,
1038 1845 1206 1888 studium
1240 1844 1498 1900 philosophiae
1530 1847 1577 1900 21)
1613 1846 1824 1893 renovavit:
1878 1851 1960 1888 tum
1988 1858 2078 1887 vero
2114 1844 2217 1900 apud

206 1926 445 1968 Demetrium
480 1925 635 1979 Syrum,
689 1926 854 1967 nobilem
892 1925 1041 1968 dicendi
1077 1926 1317 1978 magistrum,
1371 1926 1628 1966 exercebatur.
1709 1925 1857 1966 Deinde
1894 1931 1974 1966 tota
2001 1926 2093 1966 Asia
2127 1938 2211 1978 per-

207 2006 386 2054 lustrata,
424 2005 591 2046 studiose
618 2018 704 2046 cum
733 2006 929 2054 omnibus,
976 2005 1043 2058 qui
1070 2009 1152 2044 tum
1180 2005 1291 2057 primi
1320 2005 1358 2043 in
1387 2005 1478 2044 Asia
1505 2005 1709 2053 florebant,
1751 2005 1964 2046 rhetoribus
1992 2004 2209 2058 disputavit,

253 2178 308 2220 17)
333 2177 374 2211 ef.
397 2177 538 2212 Sueton.
562 2178 706 2221 Caligul.
729 2189 802 2221 cap.
825 2178 879 2214 45.

254 2259 309 2303 18)
337 2259 378 2293 cf.
410 2257 551 2297 Quintil.
579 2259 658 2293 lust.
690 2258 785 2293 Orat.
816 2258 873 2293 lib.
896 2257 934 2298 1,
967 2257 1016 2291 12.
1045 2263 1079 2291 et
1107 2257 1195 2293 Plin.
1226 2258 1312 2304 Epp.
1342 2260 1403 2295 lib.
1435 2259 1488 2301 ΙΙ,
1519 2260 1580 2292 14:
1611 2259 1687 2299 „sie
1718 2270 1740 2292 a
1768 2258 1845 2293 foro
1869 2270 1891 2292 a
1913 2258 2207 2292 centumviralibus

317 2315 446 2348 caussis
469 2315 659 2358 auspicari,
698 2321 735 2348 ut
758 2316 855 2358 pueri
879 2315 922 2347 ab
946 2314 1096 2348 Homero
1119 2315 1153 2348 in
1176 2314 1338 2350 scholis.“
1382 2315 1547 2349 Similiter
1570 2313 1640 2348 Cie.
1663 2315 1749 2358 Epp.
1772 2316 1817 2349 ad
1837 2315 1961 2354 famil.,
1988 2314 2044 2347 18:
2075 2314 2210 2357 „Lepta

313 2382 535 2416 suavissimus
556 2382 684 2416 ediscat
706 2382 894 2417 Hesiodum
916 2387 951 2416 et
972 2381 1095 2416 habeat
1114 2382 1148 2416 in
1171 2392 1252 2416 ore:
1318 2405 1372 2424 „‚,
1386 2374 1469 2422 Τῗς
1504 2371 1650 2429 ἀρετῆς
1684 2372 1836 2429 ἱδρῶτα
1863 2374 1959 2414 θεοὶ
1985 2369 2209 2426 προπάροι-

315 2439 398 2481 θεν
431 2440 595 2490 ἔθηκαν
628 2436 865 2481 ἀθάνατοι·
909 2436 1064 2495 μακρὸς
1100 2438 1143 2480 δὲ
1176 2442 1246 2481 καὶ
1288 2436 1439 2496 ὄρθιος
1480 2438 1597 2493 οἶμος
1633 2443 1674 2487 ἐς
1707 2437 1838 2489 αὐτὴν
1871 2441 1940 2479 καὶ
1973 2435 2123 2492 τρηχὺς
2159 2435 2211 2479 τὸ

314 2506 496 2560 πρῶτον·
542 2502 643 2555 ἐπὴν
670 2505 705 2545 δ’
713 2510 767 2553 εἰς
795 2502 921 2561 ἄκρον
948 2510 1102 2555 ἵκηται,
1137 2507 1274 2557 ῥηϊδιή
1302 2504 1352 2556 δὴ
1379 2509 1517 2547 ἔπειτα
1552 2508 1677 2555 πέλει,
1721 2504 1877 2558 χαλεπή
1903 2519 1977 2558 περ
2006 2504 2146 2545 ἐοῦσα.
2160 2507 2207 2526 “

314 2570 414 2605 Teste
443 2569 558 2605 Plinio
580 2570 664 2614 Epp.
694 2571 752 2605 lib.
778 2570 807 2611 l,
842 2571 890 2605 13.
914 2569 982 2612 ΙΙΙ,
1015 2569 1063 2604 15.
1093 2567 1161 2610 lv,
1185 2569 1214 2603 7.
1238 2570 1288 2611 V,
1318 2570 1349 2605 3.
1374 2570 1457 2612 vll,
1492 2570 1542 2604 19.
1576 2569 1676 2612 vm,
1710 2570 1757 2603 12.
1784 2568 1836 2603 21.
1858 2568 1923 2603 fuit
1954 2579 2093 2614 quoque
2122 2571 2215 2615 apud

314 2627 488 2661 Romanos
509 2636 605 2660 more
626 2633 816 2670 receptum,
840 2632 877 2660 ut
898 2628 1093 2670 priusquam
1116 2626 1191 2669 quis
1213 2626 1335 2660 librum
1357 2637 1379 2660 a
1399 2637 1437 2661 se
1460 2627 1698 2670 publicandum
1719 2626 1920 2670 bibliopolis
1942 2627 2110 2668 traderet,
2141 2627 2210 2661 eol-

315 2683 412 2716 lectis
437 2681 662 2715 familiaribus
692 2687 726 2716 et
746 2683 864 2716 amieis
890 2693 991 2726 quam
1019 2681 1172 2726 plurimis
1192 2682 1350 2715 recitaret
1370 2688 1405 2716 et
1424 2681 1676 2725 dijudicandum
1698 2687 1917 2725 proponeret.

233 2749 288 2787 19›
313 2750 382 2784 Cic.
406 2751 441 2783 in
463 2749 589 2791 Bruto,
611 2762 705 2795 capp.
730 2751 784 2787 89.
805 2751 849 2786 90
871 2769 912 2777 -·
934 2751 987 2786 92.

230 2805 295 2848 20)
318 2805 374 2840 De
396 2816 465 2850 quo
484 2806 562 2850 lege
583 2806 653 2842 Cic.
662 2806 795 2843 ΤοιωΙ.
805 2807 859 2849 11.,
881 2806 1036 2844 aaaron.
1059 2817 1157 2852 capp.
1180 2805 1231 2841 76.
1253 2806 1305 2842 78.
1327 2806 1495 2843 89.-91.
1517 2806 1659 2846 Quintil.
1683 2806 1788 2842 instit.
1810 2812 1928 2842 orator
1948 2805 2165 2842 lihxluset
2174 2806 2206 2841 7.

229 2861 290 2905 21)
316 2862 386 2897 Cic.
408 2863 451 2896 de
474 2862 584 2898 Ofiiie.
607 2863 656 2897 lib
679 2863 732 2905 11.,
758 2864 796 2897 1:
819 2864 927 2904 „nihil
949 2874 1053 2908 agere
1074 2868 1185 2897 autem
1212 2874 1314 2906 quum
1336 2865 1467 2898 animus
1488 2875 1557 2899 non
1579 2870 1716 2908 posset,
1752 2865 1787 2898 in
1809 2864 1863 2898 bis
1891 2864 2013 2898 studiis
2042 2863 2087 2897 ab
2109 2863 2208 2897 initio

313 2925 469 2953 versatus
517 2920 656 2961 aetatis,
689 2921 897 2962 existimavi,
930 2920 1167 2955 honestissime
1203 2919 1376 2956 molestias
1397 2931 1500 2966 posse
1540 2921 1687 2966 deponi,
1724 2922 1755 2956 si
1791 2931 1846 2955 nie
1882 2920 1926 2955 ad
1956 2918 2209 2965 philosophiam

314 2974 537 3010 retulissem«
558 2992 599 2999 —
