2519 3290
1135 118 1374 158 -9-

260 238 390 267 rerum
418 224 598 278 probatus
625 223 866 277 aequalibus,
902 223 968 263 sed
996 223 1168 264 oratione
1198 223 1299 264 visus
1327 227 1384 263 est
1410 234 1520 275 asper
1547 226 1585 261 et
1611 221 1798 264 horridus.
1855 222 2009 275 Optime
2036 221 2258 263 Plutarchus

260 303 303 345 in
330 304 404 345 vita
431 302 586 344 Catonis
613 316 709 356 cap..
724 303 786 343 12.
816 307 961 343 veteres
987 302 1070 342 illos
1096 302 1289 343 Romanos
1315 301 1538 342 laudaturus
1565 301 1634 341 ait:

720 441 742 459 ,‚
751 406 812 450 Τὰ
837 407 1005 464 ῥήματα
1031 417 1119 458 τοῖς
1144 411 1218 463 μὲν
1237 407 1429 460 Ἕλλησιν
1457 405 1538 450 ἀπὸ
1562 410 1738 462 χειλέων,

736 491 830 537 Τοῖς
857 490 900 530 ὁὲ
921 488 1137 543 Ῥωμαίοις
1165 486 1247 531 ἀπὸ
1274 489 1445 544 καρδίας
1471 490 1717 544 φέρεσθαι.“
1743 509 1795 517 -

1183 630 1218 672 S.
1275 626 1312 665 7.

365 730 636 770 Verumtamen
663 735 725 778 ut,
767 730 833 770 ubi
862 730 1044 780 constitit,
1088 730 1272 772 referatur
1299 731 1437 771 oratio:
1474 743 1561 770 eum
1590 730 1629 770 in
1656 729 1812 770 modum
1835 729 1931 784 juris
1958 733 1996 768 et
2023 725 2256 781 antiquitatis

261 808 416 849 scientia
443 808 649 848 instructus
676 808 927 863 facultateque
955 809 1102 850 dicendi
1130 815 1335 851 exornatus
1371 809 1443 850 fuit
1476 808 1692 848 adolescens
1726 810 1939 849 Romanus:
1993 819 2166 860 egressus
2200 811 2258 846 est

264 902 312 930 ex
348 888 560 928 studiorum
597 888 827 928 umbraculis
855 889 894 928 in
922 889 1038 930 solem
1074 903 1117 930 ac
1144 890 1357 943 pulverem,
1410 892 1449 929 et
1484 893 1606 929 rostra
1640 887 1824 934 ascendit,
1878 887 1926 927 ab
1954 886 2257 927 accusationibus

260 968 521 1023 improborum
577 972 615 1007 et
655 966 936 1009 defensionibus
989 968 1178 1010 bonorum
1232 968 1429 1010 hominum
1476 979 1691 1007 exorsurus,
1757 967 1910 1007 Etenim
1951 967 2031 1021 ipso
2072 967 2256 1007 Cicerone

260 1052 355 1088 teste
387 1052 440 1097 ³²)
467 1046 672 1088 maximam
701 1046 859 1099 gloriam
888 1051 926 1087 et
953 1048 1110 1100 gratiam
1138 1049 1280 1091 oratori
1309 1048 1513 1090 afferebant
1540 1041 1774 1087 defensiones
1810 1060 1934 1102 eoque
1968 1048 2166 1101 majorem,
2222 1046 2255 1085 si

259 1127 413 1182 quando
454 1126 609 1174 accidit,
664 1131 708 1166 ut
753 1127 819 1180 qui
859 1126 1138 1176 defenderetur,
1193 1133 1291 1168 esset
1336 1128 1515 1168 innocens
1557 1132 1594 1167 et
1627 1127 1666 1166 in
1702 1127 1798 1167 vitae
1833 1127 2033 1167 discrimen
2062 1126 2256 1167 adductus.

258 1207 323 1247 Sic
350 1205 506 1253 Cicero,
541 1209 593 1256 3³)
623 1218 742 1259 quum
771 1219 939 1246 caussam
968 1221 1037 1260 pro
1064 1207 1203 1247 Roscio
1231 1207 1381 1255 diceret,
1411 1206 1562 1247 auditus
1590 1212 1646 1246 est
1674 1220 1759 1246 cum
1788 1206 2048 1254 admiratione,
2076 1210 2256 1258 exceptus

257 1284 485 1325 clamoribus
514 1290 552 1325 et
578 1284 752 1325 maximis
780 1283 987 1324 celebratus
1021 1284 1207 1327 laudibus.
1288 1287 1385 1327 ltem
1419 1286 1656 1326 accusatione
1691 1285 1895 1333 Carbonis,
1930 1289 1982 1336 ³⁴)
2038 1284 2255 1325 defensione

254 1365 422 1405 Liciniae
468 1364 621 1416 virginis
667 1364 815 1405 vestalis
851 1363 892 1405 C.
941 1364 1097 1405 Crassus
1136 1379 1322 1406 summam
1372 1364 1662 1405 admirationem
1703 1370 1927 1406 consecutus
1973 1364 2169 1405 descendit
2208 1362 2255 1402 de

254 1444 408 1491 rostris,
464 1442 694 1483 clarissimus
722 1447 759 1482 et
788 1456 835 1482 ex
862 1444 973 1484 turba
1001 1450 1247 1497 patronorum
1275 1450 1422 1484 mature
1455 1444 1494 1484 in
1522 1445 1646 1484 locum
1675 1444 1886 1498 principum
1915 1449 2110 1484 oratorum
2140 1443 2252 1484 venit.

252 1522 367 1563 Haud
400 1522 509 1561 aliter
543 1523 586 1561 Ρ.
616 1522 804 1574 Sulpicius
837 1523 883 1574 ³⁵)
920 1522 961 1563 C.
998 1523 1179 1563 Norbano
1214 1524 1253 1563 in
1277 1523 1462 1576 judicium
1490 1529 1621 1564 vocato
1656 1524 1775 1563 victor
1803 1536 1851 1563 ex
1878 1524 1958 1562 acie
1986 1522 2123 1562 forensi
2152 1535 2253 1563 sum-

253 1614 316 1641 ma
344 1614 431 1640 cum
459 1601 577 1652 gloria
605 1591 758 1640 exstitit.-

359 1680 441 1719 Hac
468 1679 584 1731 igitur
610 1679 776 1727 ratione,
806 1692 925 1732 quum
949 1680 1027 1733 jam
1057 1680 1133 1720 fere
1161 1680 1336 1720 omnibus
1365 1686 1461 1720 esset
1489 1681 1528 1720 in
1556 1694 1638 1728 ore,
1668 1679 1897 1733 haberetque
1925 1692 2063 1720 nomen
2091 1680 2253 1722 celebra-

251 1764 334 1800 tum
363 1759 454 1800 civis
483 1760 697 1800 Romanus:
726 1759 824 1800 viam
853 1758 994 1810 gloriae
1022 1759 1139 1800 civilis
1173 1760 1244 1800 sibi
1272 1759 1456 1814 patefecit,
1485 1760 1705 1814 facilemque
1733 1759 1780 1800 ad
1807 1773 1975 1801 summos
2005 1761 2043 1801 in
2060 1762 2254 1814 republica

250 1837 414 1879 honores
442 1838 587 1879 aditum
617 1838 687 1878 sibi
716 1838 956 1891 comparavit.
986 1862 1037 1868 --

270 2008 327 2046 32)
352 2009 419 2042 Cic.
443 2009 486 2042 de
512 2009 611 2042 offic.
634 2009 690 2042 lib.
716 2007 777 2049 ΙΙ.,
804 2008 852 2043 14.
875 2009 919 2042 ad
940 2020 1083 2052 eumque
1105 2011 1217 2044 locum
1240 2012 1398 2045 consulas
1422 2011 1585 2044 Gal-vium
1608 2011 1629 2045 1.
1653 2012 1674 2045 l.
1699 2021 1796 2055 pagg.
1823 2011 1883 2045 114
1907 2030 1946 2035 -
1972 2013 2043 2048 119.

271 2064 330 2106 33)
356 2064 425 2097 Cic.
448 2065 482 2097 in
506 2064 653 2098 Oratore
676 2075 747 2107 cap.
770 2064 822 2098 30.

270 2120 330 2158 34)
354 2119 422 2152 Cic.
445 2121 479 2151 in
502 2119 596 2151 Brut.
619 2131 689 2161 cap.
714 2120 767 2152 43.

270 2172 327 2214 35)
351 2173 391 2210 cf.
415 2173 485 2210 Cic.
508 2180 592 2210 orat.
609 2184 671 2220 pro
693 2174 769 2219 lege
792 2174 927 2218 agraria
949 2172 1008 2216 ΙΙ.,
1035 2173 1061 2208 l.
1085 2179 1118 2209 et
1140 2185 1203 2219 pro
1225 2173 1391 2209 Muraena
1412 2185 1484 2220 cap.
1508 2175 1537 2211 7.

1940 3029 1961 3066 ὲὺ
